Date,Type,Merchant/Description,Debit/Credit,Balance
2024-12-05,VIS,Prime Video *S**PA***-********,-£3.99,£621.43
2024-12-05,))),VRISTHI NEWS      THAMES DITTON,-£1.19,£625.42
2024-12-05,))),BUDGENS           THAMES DITTO,-£11.98,£626.61
2024-12-05,))),SAINSBURYS S/MKTS SURBITON,-£12.28,£638.59
2024-12-05,))),TFL TRAVEL CH     TFL.GOV.UK/CP,-£15.60,£650.87
2024-12-04,))),OLE AND STEEN  JUBLONDON,-£3.45,£666.47
2024-12-04,VIS,SPOTIFY           LONDON,-£11.99,£669.92
2024-12-04,VIS,Microsoft*Microsofmsbill.info,-£1.99,£681.91
2024-12-04,SO,************************************,-£282.00,£683.90
2024-12-03,VIS,INT'L **********  APPLE.COM/BILL    ***********,-£0.99,£965.90
2024-12-03,))),**** LIDL GB HERSHLIDL GB HERSH,-£39.72,£966.89
2024-12-03,DD,HSBC CREDIT CARD,-£26.39,£1006.61
2024-12-02,VIS,KFC               SURBITON,-£18.48,£1033.00
2024-12-02,VIS,AMZNMktplace*BS*BIamazon.co.uk,-£32.77,£1051.48
2024-12-02,))),BUDGENS           THAMES DITTO,-£23.46,£1084.25
2024-12-02,))),YE OLDE SWAN      THAMES DITTON,-£8.55,£1107.71
2024-12-02,))),TFL TRAVEL CH     TFL.GOV.UK/CP,-£15.60,£1116.26
2024-12-02,CR,******************,£500.00,£1131.86
2024-11-29,))),SAINSBURYS S/MKTS SURBITON,-£33.94,£631.86
2024-11-29,VIS,GOOGLE *Google Plag.co/helppay#,-£4.59,£665.80
2024-11-28,VIS,McDonalds ******* Surbiton,-£3.26,£670.39
2024-11-28,))),SAINSBURYS S/MKTS SURBITON,-£2.35,£673.65
2024-11-28,DD,OCTOPUS ENERGY,-£70.00,£676.00
2024-11-27,))),SAINSBURYS S/MKTS SURBITON,-£18.23,£746.00
2024-11-27,))),SumUp  *ThePressRoTwickenham,-£3.20,£764.23
2024-11-26,VIS,AMZNMktplace*TP*YMamazon.co.uk,-£156.51,£767.43
2024-11-26,))),SAINSBURYS S/MKTS SURBITON,-£1.45,£923.94
2024-11-25,))),WAITROSE ***      SURBITON,-£32.87,£925.39
2024-11-25,VIS,QBS WORLDWIDE LTD MALTON,-£78.80,£958.26
2024-11-25,SO,************************************,-£338.84,£1037.06
2024-11-22,VIS,McDonalds ******* Surbiton,-£2.88,£1375.90
2024-11-22,))),VRISTHI NEWS      THAMES DITTON,-£9.55,£1378.78
2024-11-22,DD,VODAFONE LTD,-£23.98,£1388.33
2024-11-21,))),Victoria          Surbiton,-£5.35,£1412.31
2024-11-20,VIS,KFC               SURBITON,-£14.56,£1417.66
2024-11-20,))),SAINSBURYS S/MKTS SURBITON,-£14.02,£1432.22
2024-11-19,))),BUDGENS           THAMES DITTO,-£7.99,£1446.24
2024-11-18,))),BOOTS ****        SURBITON,-£14.32,£1454.23
2024-11-18,))),VRISTHI NEWS      THAMES DITTON,-£12.24,£1468.55
2024-11-18,CR,******************,£500.00,£1480.79
2024-11-15,VIS,McDonalds ******* Surbiton,-£2.88,£980.79
2024-11-15,VIS,SAINSBURYS S/MKTS SURBITON,-£86.12,£983.67
2024-11-15,CR,******************,£173.00,£1069.79
2024-11-14,BP,************************************,-£150.00,£896.79
2024-11-13,VIS,Futon Limited     London,-£34.00,£1046.79
2024-11-13,))),VRISTHI NEWS      THAMES DITTON,-£19.29,£1080.79
2024-11-13,DD,INTERACTIVE INVESTFIRST PAYMENT,-£11.99,£1100.08
2024-11-12,VIS,AMZNMktplace*T****amazon.co.uk,-£129.95,£1112.07
2024-11-12,))),SAINSBURYS S/MKTS SURBITON,-£3.55,£1242.02
2024-11-12,))),FARA SURBITON KIDSSURBITON,-£4.50,£1245.57
2024-11-12,VIS,Lebara Mobile LimiLondon,-£3.18,£1250.07
2024-11-11,VIS,McDonalds ******* Surbiton,-£2.19,£1253.25
2024-11-11,))),SPORTSDIRECT ***  ***********,-£5.00,£1255.44
2024-11-11,))),WAITROSE ***      KINGSTON,-£43.49,£1260.44
2024-11-11,VIS,AMAZON* T**OY*O** LONDON,-£22.81,£1303.93
2024-11-11,))),WAITROSE ***      SURBITON,-£10.99,£1326.74
2024-11-11,))),ROYALOPERAHSE     LONDON,-£1.90,£1337.73
2024-11-11,))),BOOTS ****        SURBITON,-£12.48,£1339.63
2024-11-11,))),The Antelope      Surbiton,-£12.60,£1352.11
2024-11-11,CR,************************************,£220.00,£1364.71
2024-11-08,))),SHELL LONG DITTON THAMES DITTON,-£55.42,£1144.71
2024-11-07,VIS,McDonalds ******* Surbiton,-£3.23,£1200.13
2024-11-07,))),SAINSBURYS S/MKTS SURBITON,-£9.30,£1203.36
2024-11-07,))),WAITROSE ***      SURBITON,-£6.10,£1212.66
2024-11-07,))),SumUp  *ThePressRoTwickenham,-£2.75,£1218.76
2024-11-07,CR,******************,£551.00,£1221.51
2024-11-06,VIS,SPORTSDIRECT.COM  SHIREBROOK,-£60.99,£670.51
2024-11-05,))),CORONATION HALL   SURBITON,-£6.54,£731.50
2024-11-05,))),SAINSBURYS S/MKTS SURBITON,-£10.89,£738.04
2024-11-05,))),CAPPADOCIA RESTAURKINGSTON UPON,-£32.50,£748.93
2024-11-05,))),Canbury Arms      Kingston upon,-£15.10,£781.43
2024-11-05,))),Canbury Arms      Kingston upon,-£6.15,£796.53
2024-11-04,VIS,INT'L **********  APPLE.COM/BILL    ***********,-£0.99,£802.68
2024-11-04,VIS,WWW.JOHNLEWIS.COM ***** *** ***,-£125.90,£803.67
2024-11-04,))),YE OLDE SWAN      THAMES DITTON,-£9.75,£929.57
2024-11-04,))),VRISTHI NEWS      THAMES DITTON,-£4.76,£939.32
2024-11-04,VIS,Microsoft*Microsofmsbill.info,-£1.99,£944.08
2024-11-04,CR,******************,£500.00,£946.07
2024-11-04,SO,************************************,-£282.00,£446.07
2024-11-01,))),SQ *LOCAL HERO KINKingston upon,-£6.70,£728.07
2024-11-01,))),JOHN LEWIS        KINGSTON,-£59.50,£734.77
2024-11-01,VIS,LIDL GB HERSHAM   HERSHAM,-£111.75,£794.27
2024-11-01,SO,************************************,-£200.00,£906.02
2024-11-01,DD,HSBC CREDIT CARD,-£63.82,£1106.02
2024-10-31,CR,************************************,£194.00,£1169.84
2024-10-30,VIS,McDonalds ******* Sutton Coldfi,-£1.39,£975.84
2024-10-30,VIS,The Perch Inn     Oxford,-£164.69,£977.23
2024-10-30,CR,******************,£500.00,£1141.92
2024-10-29,))),M* TOLL           LICHFIELD,-£8.00,£641.92
2024-10-29,VIS,GOOGLE *Google Plag.co/helppay#,-£4.59,£649.92
2024-10-28,VIS,Wix.com **********London,-£12.46,£654.51
2024-10-28,))),CO-OP GROUP FOOD  MATLOCK,-£42.00,£666.97
2024-10-28,DD,OCTOPUS ENERGY,-£70.00,£708.97
2024-10-24,))),The Antelope      Surbiton,-£12.70,£778.97
2024-10-24,))),SAINSBURYS S/MKTS SURBITON,-£15.45,£791.67
2024-10-23,VIS,INT'L **********  APPLE.COM/BILL    ***********,-£4.99,£807.12
2024-10-23,BP,************************************,-£0.20,£812.11
2024-10-23,))),SAINSBURYS S/MKTS SURBITON,-£15.79,£812.31
2024-10-23,))),SUMUP  *THE LEGACYSURBITON,-£25.00,£828.10
2024-10-23,BP,************************************,-£337.84,£853.10
2024-10-23,BP,************************************,-£0.80,£1190.94
2024-10-23,DD,VODAFONE LTD,-£10.41,£1191.74
2024-10-22,))),WAITROSE ***      SURBITON,-£53.05,£1202.15
2024-10-22,))),BATTERSEA LEON    LONDON,-£24.46,£1255.20
2024-10-21,))),BUDGENS           THAMES DITTO,-£2.68,£1279.66
2024-10-21,))),TFL TRAVEL CH     TFL.GOV.UK/CP,-£10.40,£1282.34
2024-10-21,))),PREMIER WINE      HAMPTON,-£11.80,£1292.74
2024-10-21,))),Digby's PatisserieLondon,-£6.50,£1304.54
2024-10-21,))),Control Room B    London,-£22.11,£1311.04
2024-10-21,))),Control Room B    London,-£46.20,£1333.15
2024-10-21,))),TFL TRAVEL CH     TFL.GOV.UK/CP,-£9.00,£1379.35
2024-10-21,VIS,Control Room B    London,£46.20,£1388.35
2024-10-21,VIS,SAINSBURYS S/MKTS SURBITON,-£2.50,£1342.15
2024-10-21,CR,******************,£500.00,£1344.65
2024-10-18,BP,************************************,-£90.00,£844.65
2024-10-18,))),The Antelope      Surbiton,-£13.50,£934.65
2024-10-17,))),STARBUCKS         KINGSTON,-£2.65,£948.15
2024-10-17,))),JOHN LEWIS        WOOD STREET,-£3.40,£950.80
2024-10-17,))),SAINSBURYS S/MKTS SURBITON,-£16.85,£954.20
2024-10-17,))),T K MAXX          KINGSTON,-£3.99,£971.05
2024-10-15,VIS,DVLA OEPPWEBECOM  WWW.DVLA.GOV.,-£48.00,£975.04
2024-10-15,OBP,************************************,-£50.00,£1023.04
2024-10-15,DD,INTERACTIVE INVEST,-£540.00,£1073.04
2024-10-15,DD,INTERACTIVE INVESTFIRST PAYMENT,-£11.99,£1613.04
2024-10-14,CR,************************************,£300.00,£1625.03
2024-10-14,VIS,McDonalds ******* Surbiton,-£6.63,£1325.03
2024-10-14,VIS,McDonalds ******* Surbiton,-£5.12,£1331.66
2024-10-14,))),VRISTHI NEWS      THAMES DITTON,-£16.25,£1336.78
2024-10-14,))),TFL TRAVEL CH     TFL.GOV.UK/CP,-£10.00,£1353.03
2024-10-14,))),Cafe del Marsh    London,-£10.80,£1363.03
2024-10-14,VIS,Lebara Mobile LimiLondon,-£3.18,£1373.83
2024-10-14,VIS,SCREWFIX DIRECT   WWW.SCREWFIX.,-£23.99,£1377.01
2024-10-14,VIS,B&Q LTD           EASTLEIGH,-£140.25,£1401.00
2024-10-11,))),The Antelope      Surbiton,-£6.50,£1541.25
2024-10-11,))),VRISTHI NEWS      THAMES DITTON,-£13.75,£1547.75
2024-10-11,))),SAINSBURYS S/MKTS SURBITON,-£1.50,£1561.50
2024-10-10,))),BUDGENS           THAMES DITTO,-£3.64,£1563.00
2024-10-10,))),JOHN LEWIS        WOOD STREET,-£1.70,£1566.64
2024-10-09,))),LIDL GB HERSHAM   HERSHAM,-£62.25,£1568.34
2024-10-09,OBP,************************************,-£2000.00,£1630.59
2024-10-09,BP,************************************,-£5000.00,£3630.59
2024-10-08,))),WAITROSE ***      SURBITON,-£21.28,£8630.59
2024-10-08,))),B & Q ****        NEW MALDEN,-£15.68,£8651.87
2024-10-08,VIS,INTUIT *QBooks Onl***********,-£1.20,£8667.55
2024-10-07,))),VRISTHI NEWS      THAMES DITTON,-£9.49,£8668.75
2024-10-07,))),BUDGENS           THAMES DITTO,-£0.44,£8678.24
2024-10-07,))),PRET A MANGER     LONDON WC*R,-£7.15,£8678.68
2024-10-07,))),The Limping Fox   Thames Ditton,-£18.00,£8685.83
2024-10-07,VIS,II INVESTMENT ACCOWWW.II.CO.UK,-£1100.00,£8703.83
2024-10-07,VIS,McDonalds ******* Surbiton,-£5.81,£9803.83
2024-10-07,))),SHELL LONG DITTON THAMES DITTON,-£52.71,£9809.64
2024-10-07,))),WAITROSE          PARSONS GREEN,-£7.20,£9862.35
2024-10-07,CR,******************,£551.00,£9869.55
2024-10-04,VIS,The Limping Fox   Thames Ditton,-£52.50,£9318.55
2024-10-04,SO,************************************,-£282.00,£9371.05
2024-10-03,VIS,INT'L **********  APPLE.COM/BILL    ***********,-£8.99,£9653.05
2024-10-03,VIS,INT'L **********  APPLE.COM/BILL    APPLE.COM/BIL,-£0.99,£9662.04
2024-10-03,VIS,Microsoft*Store   msbill.info,-£1.99,£9663.03
2024-10-03,CR,************************************,£485.00,£9665.02
2024-10-02,VIS,Audible UK        adbl.co/pymt,-£2.99,£9180.02
2024-10-01,))),JOHN LEWIS        WOOD STREET,-£1.70,£9183.01
2024-10-01,))),WAITROSE ***      SURBITON,-£25.78,£9184.71
2024-10-01,CR,************************************,£400.00,£9210.49
2024-10-01,SO,************************************,-£200.00,£8810.49
2024-09-30,))),TST-SURBEANTON RESSurbiton,-£10.65,£9010.49
2024-09-30,))),BHD WDF MAIN      BELFAST CITY,-£35.58,£9021.14
2024-09-30,DD,OCTOPUS ENERGY,-£70.00,£9056.72
2024-09-28,CR,************************************,£38.00,£9126.72
2024-09-27,))),CROWN LIQUOR SALOOBELFAST,-£11.50,£9088.72
2024-09-27,CR,************************************,£87.50,£9100.22
2024-09-27,CR,************************************,£3458.00,£9012.72
2024-09-25,VIS,McDonalds ******* Surbiton,-£6.63,£5554.72
2024-09-25,))),SAINSBURYS S/MKTS SURBITON,-£24.45,£5561.35
2024-09-25,))),PREMIER WINE      HAMPTON,-£19.20,£5585.80
2024-09-24,OBP,************************************,-£150.00,£5605.00
2024-09-24,DD,VODAFONE LTD,-£47.44,£5755.00
2024-09-19,VIS,McDonalds ******* Surbiton,-£9.26,£5802.44
2024-09-18,))),BOOTS ****        ST PANCRAS,-£1.65,£5811.70
2024-09-17,))),SAINSBURYS S/MKTS SURBITON,-£12.05,£5813.35
2024-09-16,VIS,McDonalds ******* Surbiton,-£6.53,£5825.40
2024-09-16,))),TFL TRAVEL CH     TFL.GOV.UK/CP,-£11.70,£5831.93
2024-09-16,VIS,STARLING BANK LIMILONDON,-£3.00,£5843.63
2024-09-16,VIS,McDonalds ******* Surbiton,-£6.53,£5846.63
2024-09-16,))),TESCO STORES **** LONDON,-£3.10,£5853.16
2024-09-16,))),BOOTS ****        SURBITON,-£22.71,£5856.26
2024-09-16,))),TFL TRAVEL CH     TFL.GOV.UK/CP,-£7.40,£5878.97
2024-09-16,))),The Antelope      Surbiton,-£5.80,£5886.37
2024-09-16,DD,INTERACTIVE INVEST,-£540.00,£5892.17
2024-09-13,))),WAITROSE ***      SURBITON,-£5.00,£6432.17
2024-09-13,))),PREMIER WINE      HAMPTON,-£20.60,£6437.17
2024-09-12,BP,************************************,-£90.00,£6457.77
2024-09-12,))),VRISTHI NEWS      THAMES DITTON,-£13.66,£6547.77
2024-09-12,))),SAINSBURYS S/MKTS SURBITON,-£17.45,£6561.43
2024-09-12,DD,INTERACTIVE INVESTFIRST PAYMENT,-£11.99,£6578.88
2024-09-11,))),BUDGENS           THAMES DITTO,-£7.25,£6590.87
2024-09-11,))),JOHN LEWIS        WOOD STREET,-£1.70,£6598.12
2024-09-11,VIS,Lebara Mobile LimiLondon,-£3.18,£6599.82
2024-09-10,))),TFL TRAVEL CH     TFL.GOV.UK/CP,-£12.35,£6603.00
2024-09-10,))),SumUp  *ThePressRoTwickenham,-£2.75,£6615.35
2024-09-10,))),Victoria          Surbiton,-£5.35,£6618.10
2024-09-09,VIS,McDonalds ******* Birmingham,-£4.72,£6623.45
2024-09-09,))),JOSE PIZARRO THE SLONDON,-£6.25,£6628.17
2024-09-09,))),TESCO-STORES **** BRIXTON,-£3.30,£6634.42
2024-09-09,))),The Little Cat CafLondon,-£5.00,£6637.72
2024-09-09,))),SAINSBURYS S/MKTS SURY BASIN,-£11.95,£6642.72
2024-09-09,))),TFL TRAVEL CH     TFL.GOV.UK/CP,-£6.40,£6654.67
2024-09-09,))),VRISTHI NEWS      THAMES DITTON,-£14.53,£6661.07
2024-09-09,))),TFL TRAVEL CH     TFL.GOV.UK/CP,-£6.40,£6675.60
2024-09-09,))),GROS. CAS         BIRMINGHAM,-£13.80,£6682.00
2024-09-09,))),HMSHost Euston StaLondon,-£3.20,£6695.80
2024-09-09,VIS,INTUIT *QBooks Onl***********,-£1.20,£6699.00
2024-09-09,VIS,SAINSBURYS S/MKT  KINGSTON UPON,-£124.11,£6700.20
2024-09-09,CR,******************,£551.00,£6824.31
2024-09-06,))),BIRMINGHAM REP ENTBIRMINGHAM,-£4.32,£6273.31
2024-09-06,))),HMSHost Euston StaLondon,-£2.49,£6277.63
2024-09-06,VIS,TAJ MAHAL INDIAN CB'HAM B*,-£40.00,£6280.12
2024-09-06,VIS,Rosa's Birmingham Birmingham,-£19.50,£6320.12
2024-09-05,))),SAINSBURYS S/MKTS SURY BASIN,-£10.05,£6339.62
2024-09-05,))),SAINSBURYS S/MKTS SURY BASIN,-£4.00,£6349.67
2024-09-04,VIS,KFC               SURBITON,-£15.99,£6353.67
2024-09-04,VIS,GARDENSANCTUARY   MANCHESTER,-£196.94,£6369.66
2024-09-04,))),BUDGENS           THAMES DITTO,-£0.69,£6566.60
2024-09-04,SO,************************************,-£282.00,£6567.29
2024-09-03,VIS,QWIKPARK LTD      WATERLOOVILLE,-£3.80,£6849.29
2024-09-03,))),Decathlon         Wandsworth,-£14.99,£6853.09
2024-09-02,VIS,McDonalds ******* Surbiton,-£6.21,£6868.08
2024-09-02,VIS,AMZNMktplace*MU*D*amazon.co.uk,-£199.84,£6874.29
2024-09-02,VIS,trainline         +************,-£43.69,£7074.13
2024-09-02,))),VRISTHI NEWS      THAMES DITTON,-£4.13,£7117.82
2024-09-02,))),YE OLDE SWAN      THAMES DITTON,-£11.65,£7121.95
2024-09-02,))),VRISTHI NEWS      THAMES DITTON,-£9.99,£7133.60
2024-09-02,))),SAINSBURYS S/MKTS SURY BASIN,-£52.64,£7143.59
2024-09-02,VIS,Audible UK        adbl.co/pymt,-£2.99,£7196.23
2024-09-02,VIS,Evans Cycles      Shirebrook,-£69.99,£7199.22
2024-09-02,VIS,WWW.BALFESBIKES.COCRAWLEY RH**,-£92.88,£7269.21
2024-09-02,VIS,HTTPS://WWW.CARTAXOLDHAM,£160.00,£7362.09
2024-09-02,SO,************************************,-£200.00,£7202.09
2024-08-30,VIS,Amazon.co.uk*P**XKAMAZON.CO.UK,-£21.95,£7402.09
2024-08-30,))),SAINSBURYS S/MKTS SURBITON,-£10.00,£7424.04
2024-08-30,))),POST OFFICE COUNTESURBITON,-£60.00,£7434.04
2024-08-30,VIS,HTTPS://WWW.CARTAXOLDHAM,-£260.00,£7494.04
2024-08-29,CR,************************************,£1000.00,£7754.04
2024-08-29,CR,************************************,£5725.24,£6754.04
2024-08-28,))),SHELL NEWPORT ROADWHITCHURCH,-£55.80,£1028.80
2024-08-27,))),SPREAD EAGLE PENISCREWE,-£3.20,£1084.60
2024-08-23,))),LIDL GB RAWTENSTALRAWTENSTALL,-£52.25,£1087.80
2024-08-23,DD,OCTOPUS ENERGY,-£70.00,£1140.05
2024-08-22,VIS,McDonalds ******* Sandbach,-£12.99,£1210.05
2024-08-22,DD,VODAFONE LTD,-£47.44,£1223.04
2024-08-20,))),NATIONAL TRUST    WORCESTER,-£2.60,£1270.48
2024-08-20,VIS,LIDL GB  MALVERN  MALVERN,-£32.64,£1273.08
2024-08-19,))),SHELL LONG DITTON THAMES DITTON,-£46.66,£1305.72
2024-08-19,))),SAINSBURYS S/MKTS OXFORD BANBUR,-£8.20,£1352.38
2024-08-19,))),The Perch Inn     Oxford,-£22.50,£1360.58
2024-08-16,VIS,INT'L **********  APPLE.COM/BILL    ***********,-£6.99,£1383.08
2024-08-16,OBP,************************************,-£2000.00,£1390.07
2024-08-16,CR,************************************,£2000.00,£3390.07
2024-08-15,OBP,************************************,-£3999.00,£1390.07
2024-08-15,CR,************************************,£3999.00,£5389.07
2024-08-15,))),SAINSBURYS S/MKTS SURBITON,-£19.24,£1390.07
2024-08-15,DD,INTERACTIVE INVEST,-£540.00,£1409.31
2024-08-14,))),WAITROSE ***      SURBITON,-£78.04,£1949.31
2024-08-14,DD,INTERACTIVE INVESTFIRST PAYMENT,-£11.99,£2027.35
2024-08-12,))),THE NAGS HEAD     ABINGDON,-£5.85,£2039.34
2024-08-12,))),TESCO STORES **** ABINGDON,-£20.15,£2045.19
2024-08-12,VIS,THE NAGS HEAD     ABINGDON,-£5.60,£2065.34
2024-08-12,VIS,THE NAGS HEAD     ABINGDON,-£45.60,£2070.94
2024-08-11,CR,************************************,£236.71,£2116.54
2024-08-09,BP,************************************,-£4000.00,£1879.83
2024-08-09,CR,************************************,£3001.40,£5879.83
2024-08-08,))),JOSE PIZARRO THE SLONDON,-£7.00,£2878.43
2024-08-08,))),TFL TRAVEL CH     TFL.GOV.UK/CP,-£6.70,£2885.43
2024-08-08,VIS,INTUIT *QBooks Onl***********,-£1.20,£2892.13
2024-08-08,VIS,WWW.GOV.UK/PAY-DARLEEDS,-£2.50,£2893.33
2024-08-08,CR,************************************,£470.25,£2895.83
2024-08-07,VIS,McDonalds ******* Royston,-£4.59,£2425.58
2024-08-07,))),CLACTON ON SEA OB CLACTON-ON-SE,-£22.95,£2430.17
2024-08-07,))),Connaught Food andFrinton-on-Se,-£7.33,£2453.12
2024-08-07,))),TESCO STORES      ESSEX,-£10.29,£2460.45
2024-08-07,))),The Lock and BarreFrinton On Se,-£26.00,£2470.74
2024-08-07,CR,******************,£551.00,£2496.74
2024-08-05,VIS,McDonalds ******* SURREY,-£13.02,£1945.74
2024-08-05,VIS,LIDL GB HERSHAM   HERSHAM,-£57.20,£1958.76
2024-08-05,))),WAITROSE ***      SURBITON,-£31.20,£2015.96
2024-08-05,CR,************************************,£900.00,£2047.16
2024-08-05,SO,************************************,-£282.00,£1147.16
2024-08-02,))),SHELL SEAL RD *** SEVENOAKS,-£1.75,£1429.16
2024-08-02,))),The Pheasant PluckSevenoaks,-£41.10,£1430.91
2024-08-02,VIS,VICTORIAN PLUMBINGLANCASHIRE,-£164.85,£1472.01
2024-08-02,CR,************************************,£160.00,£1636.86
2024-08-01,))),HALFORDS ****     NEW MALDEN,-£60.00,£1476.86
2024-08-01,))),TESCO STORES **** NEW MALDEN,-£58.04,£1536.86
2024-08-01,SO,************************************,-£200.00,£1594.90
2024-07-30,))),LIDL GB HERSHAM   HERSHAM,-£71.14,£1794.90
2024-07-30,))),Packhorse  MapleduReading,-£10.50,£1866.04
2024-07-30,VIS,HMRC GOV.UK SA    GLASGOW,-£1000.00,£1876.54
2024-07-29,VIS,McDonalds ******* Farnborough,-£6.63,£2876.54
2024-07-29,))),WELCOME BREAK KFC BISHOPS STORT,-£9.99,£2883.17
2024-07-29,VIS,AJ BELL           MANCHESTER,-£4000.00,£2893.16
2024-07-29,VIS,TESCO PAY AT PUMP SAFFRON WALDE,-£40.12,£6893.16
2024-07-29,))),TESCO STORES **** HOOK,-£7.85,£6933.28
2024-07-29,))),BURGER KING AMESBUSALISBURY,-£2.99,£6941.13
2024-07-29,))),STARBUCKS BARTON SWINCHESTER,-£7.60,£6944.12
2024-07-26,))),LIDL GB  CREWKERNECREWKERNE,-£20.01,£6951.72
2024-07-25,VIS,McDonalds ******* Surbiton,-£1.69,£6971.73
2024-07-24,BP,************************************,-£100.00,£6973.42
2024-07-24,CR,******************************************************,£200.00,£7073.42
2024-07-24,DR,************************************,-£100.00,£6873.42
2024-07-24,))),SAINSBURYS S/MKTS SURBITON,-£2.50,£6973.42
2024-07-24,))),WAITROSE ***      SURBITON,-£8.25,£6975.92
2024-07-24,))),GROVE             SURBITON,-£4.70,£6984.17
2024-07-24,DD,VODAFONE LTD,-£47.44,£6988.87
2024-07-23,))),VRISTHI NEWS      THAMES DITTON,-£6.22,£7036.31
2024-07-23,))),TFL TRAVEL CH     TFL.GOV.UK/CP,-£7.40,£7042.53
2024-07-23,))),COSTA COFFEE *****LONDON,-£2.15,£7049.93
2024-07-23,))),BOOTS ****        CLAPHAM JUNCT,-£4.50,£7052.08
2024-07-23,ATM,CASH LLOYTSB JUL23LOYD 1 CLARE@13:21,-£10.00,£7056.58
2024-07-23,DD,OCTOPUS ENERGY,-£100.00,£7066.58
2024-07-22,BP,************************************,-£10000.00,£7166.58
2024-07-22,VIS,McDonalds ******* Surbiton,-£7.83,£17166.58
2024-07-22,))),The Limping Fox   Thames Ditton,-£23.45,£17174.41
2024-07-22,))),SAINSBURYS S/MKTS SURBITON,-£28.30,£17197.86
2024-07-22,))),YE OLDE SWAN      THAMES DITTON,-£8.55,£17226.16
2024-07-22,VIS,II INVESTMENT ACCOWWW.II.CO.UK,-£100.00,£17234.71
2024-07-21,CR,************************************,£10606.66,£17334.71
2024-07-19,))),GROVE             SURBITON,-£24.45,£6728.05
2024-07-19,CR,******************,£252.00,£6752.50
2024-07-18,VIS,WAITROSE ***      SURBITON,-£34.97,£6500.50
2024-07-17,VIS,INT'L **********  APPLE.COM/BILL    CORK,-£6.99,£6535.47
2024-07-16,BP,************************************,-£250.00,£6542.46
2024-07-15,VIS,McDonalds ******* Surbiton,-£1.39,£6792.46
2024-07-15,))),CAFE AMIGO        LONG LANE,-£13.45,£6793.85
2024-07-15,))),COSTCUTTER        IVER,-£7.25,£6807.30
2024-07-15,))),SAINSBURYS S/MKTS SURBITON,-£33.52,£6814.55
2024-07-15,))),SHELL MONTAGU ROADSANDWICH,-£8.50,£6848.07
2024-07-15,DD,INTERACTIVE INVEST,-£540.00,£6856.57
2024-07-12,DD,INTERACTIVE INVESTFIRST PAYMENT,-£11.99,£7396.57
2024-07-11,))),BUDGENS           THAMES DITTO,-£2.69,£7408.56
2024-07-11,))),NICE BUNS  CAFE   THAMES DITTON,-£38.70,£7411.25
2024-07-11,))),JOHN LEWIS        WOOD STREET,-£3.40,£7449.95
2024-07-11,))),JOHN LEWIS        KINGSTON,-£77.00,£7453.35
2024-07-11,))),WAITROSE ***      KINGSTON,-£31.39,£7530.35
2024-07-10,))),VRISTHI NEWS      THAMES DITTON,-£15.24,£7561.74
2024-07-10,BP,************************************,-£132.89,£7576.98
2024-07-09,))),BUDGENS           THAMES DITTO,-£9.98,£7709.87
2024-07-08,VIS,McDonalds ******* Surbiton,-£7.83,£7719.85
2024-07-08,))),GWR OXFORD SST    OXFORD,-£36.80,£7727.68
2024-07-08,))),OXFORD BUS COMPANYOXFORD,-£1.80,£7764.48
2024-07-08,))),OXFORD BUS COMPANYOXFORD,-£2.00,£7766.28
2024-07-08,))),TROUT INN         OXFORD,-£32.00,£7768.28
2024-07-08,VIS,INTUIT *QBooks Onl***********,-£1.20,£7800.28
2024-07-08,VIS,FLANNELS.COM      SHIREBROOK,-£156.99,£7801.48
2024-07-08,))),FOLEY ARMS HOTEL  MALVERN,-£5.55,£7958.47
2024-07-08,))),FOLEY ARMS HOTEL  MALVERN,-£6.31,£7964.02
2024-07-08,))),Gloucester ServiceGloucester,-£13.75,£7970.33
2024-07-08,))),Gloucester ServiceGloucester,-£6.00,£7984.08
2024-07-08,CR,******************,£551.00,£7990.08
2024-07-07,BP,************************************,-£48.50,£7439.08
2024-07-06,ATM,CASH HSBC    JUL06OXFORD CORN @22:37,-£10.00,£7487.58
2024-07-05,))),ALDI STORES       ROYALWOOTTONB,-£8.98,£7497.58
2024-07-05,))),M&S SIMPLY FOOD   CHIEVELEY MOT,-£8.05,£7506.56
2024-07-05,CR,************************************,£3608.85,£7514.61
2024-07-04,VIS,McDonalds ******* Surbiton,-£2.19,£3905.76
2024-07-04,))),CAFFE NERO ** LANCLONDON,-£3.00,£3907.95
2024-07-04,SO,************************************,-£282.00,£3910.95
2024-07-03,))),TFL TRAVEL CH     TFL.GOV.UK/CP,-£13.10,£4192.95
2024-07-03,))),ROYALOPERAHSE     LONDON,-£1.30,£4206.05
2024-07-03,))),ROYALOPERAHSE     LONDON,-£7.45,£4207.35
2024-07-03,))),ROYALOPERAHSE     LONDON,-£2.80,£4214.80
2024-07-03,))),Brewdog Waterloo  London,-£7.65,£4217.60
2024-07-03,VIS,SAINSBURYS S/MKTS SURBITON,-£83.13,£4225.25
2024-07-02,))),WAITROSE ***      KINGSTON,-£11.91,£4308.38
2024-07-01,))),YE OLDE SWAN      THAMES DITTON,-£8.00,£4320.29
2024-07-01,))),TESCO STORES **** EPPING,-£9.05,£4328.29
2024-07-01,SO,************************************,-£200.00,£4337.34
2024-06-30,CR,************************************,£100.00,£4537.34
2024-06-28,))),WAGAMAMA BURY ST EBURY ST EDMUN,-£15.50,£4437.34
2024-06-28,))),TESCO STORES **** HATFIELD,-£6.55,£4452.84
2024-06-28,))),SV - THE APEX     BURY ST EDMUN,-£2.50,£4459.39
2024-06-27,))),TFL TRAVEL CH     TFL.GOV.UK/CP,-£9.00,£4461.89
2024-06-27,))),SAINSBURYS S/MKTS SURBITON,-£15.50,£4470.89
2024-06-26,BP,************************************,-£90.00,£4486.39
2024-06-26,))),GROVE             SURBITON,-£6.00,£4576.39
2024-06-24,))),MNK*Hare and HoundColchester,-£5.00,£4582.39
2024-06-24,DD,VODAFONE LTD,-£47.44,£4587.39
2024-06-24,DD,OCTOPUS ENERGY,-£100.00,£4634.83
2024-06-20,))),THE ART CAFE      Colchester,-£19.10,£4734.83
2024-06-20,))),THE COMPANY SHED  COLCHESTER,-£40.00,£4753.93
2024-06-20,))),ZETTLE_*COASTAL COCOLCHESTER,-£3.00,£4793.93
2024-06-20,))),TESCO STORES **** TIPTREE,-£17.75,£4796.93
2024-06-19,))),CLR*CALCOTT HALL FBRENTWOOD,-£3.15,£4814.68
2024-06-18,))),BP BRAMPTON HUT S/HUNTINGDON,-£6.50,£4817.83
2024-06-17,VIS,McDonalds ******* Boxworth,-£6.21,£4824.33
2024-06-17,))),VRISTHI NEWS      THAMES DITTON,-£7.76,£4830.54
2024-06-17,))),** Wade Street    Lichfield,-£3.60,£4838.30
2024-06-17,))),TESCO STORES      LICHFIELD,-£7.25,£4841.90
2024-06-17,))),GOODIES FARM SHOP NORFOLK,-£25.00,£4849.15
2024-06-17,))),TESCO STORES      NORWICH,-£9.06,£4874.15
2024-06-17,BP,************************************,-£500.00,£4883.21
2024-06-17,DD,INTERACTIVE INVEST,-£540.00,£5383.21
2024-06-14,CR,************************************,£3000.00,£5923.21
2024-06-13,VIS,McDonalds ******* Chelmsford,-£6.96,£2923.21
2024-06-13,DD,INTERACTIVE INVESTFIRST PAYMENT,-£11.99,£2930.17
2024-06-12,))),INGATESTONE CONVENINGATESTONE,-£12.38,£2942.16
2024-06-11,CR,************************************,£500.00,£2954.54
2024-06-11,VIS,LIDL GB CHESSINGTOCHESSINGTON,-£115.86,£2454.54
2024-06-10,))),VRISTHI NEWS      THAMES DITTON,-£4.49,£2570.40
2024-06-10,))),WAITROSE ***      ESHER,-£34.42,£2574.89
2024-06-10,))),The New Inn       St Owens cro,-£16.00,£2609.31
2024-06-10,))),The New Inn       St Owens cro,-£33.00,£2625.31
2024-06-10,))),The New Inn       St Owens cro,-£6.20,£2658.31
2024-06-08,BP,************************************,-£500.00,£2664.51
2024-06-07,))),Gloucester ServiceGloucester,-£11.50,£3164.51
2024-06-07,CR,******************,£551.00,£3176.01
2024-06-06,))),TFL TRAVEL CH     TFL.GOV.UK/CP,-£14.80,£2625.01
2024-06-06,))),GROVE             SURBITON,-£5.95,£2639.81
2024-06-06,))),ZETTLE_*RUDE N BOOLONDON,-£2.50,£2645.76
2024-06-06,))),TFL TRAVEL CH     TFL.GOV.UK/CP,-£13.40,£2648.26
2024-06-06,VIS,WAITROSE ***      SURBITON,-£10.55,£2661.66
2024-06-05,))),MERCATO METROPOLITLONDON,-£2.80,£2672.21
2024-06-05,))),CO-OP GROUP FOOD  KENNINGTON,-£2.29,£2675.01
2024-06-04,))),Zettle_*RUDE N BOOLondon,-£5.00,£2677.30
2024-06-04,))),TFL TRAVEL CH     TFL.GOV.UK/CP,-£13.40,£2682.30
2024-06-04,SO,************************************,-£282.00,£2695.70
2024-06-04,CR,******************,£54.34,£2977.70
2024-06-03,VIS,INT'L **********  APPLE.COM/BILL    ***********,-£10.99,£2923.36
2024-06-03,))),VRISTHI NEWS      THAMES DITTON,-£6.92,£2934.35
2024-06-03,))),SQUIRES GARDEN CENLONG DITTON,-£7.99,£2941.27
2024-06-03,))),TFL TRAVEL CH     TFL.GOV.UK/CP,-£13.40,£2949.26
2024-06-03,))),WAITROSE ***      SURBITON,-£44.34,£2962.66
2024-06-03,))),Brewdog Waterloo  London,-£7.65,£3007.00
2024-06-03,))),Tasty Jerk        London,-£9.00,£3014.65
2024-06-03,SO,************************************,-£200.00,£3023.65
2024-05-31,))),BUDGENS           THAMES DITTO,-£6.74,£3223.65
2024-05-31,))),TFL TRAVEL CH     TFL.GOV.UK/CP,-£13.40,£3230.39
2024-05-31,))),MCDONALDS         LAMBETH,-£5.61,£3243.79
2024-05-31,))),CO-OP GROUP FOOD  KENNINGTON,-£2.00,£3249.40
2024-05-31,))),MERCATO METROPOLITLONDON,-£2.80,£3251.40
2024-05-31,))),SUMUP  *COFFEE T.DLONDON,-£9.20,£3254.20
2024-05-29,))),TFL TRAVEL CH     TFL.GOV.UK/CP,-£11.70,£3263.40
2024-05-29,))),MERCATO METROPOLITLONDON,-£20.00,£3275.10
2024-05-29,))),CO-OP GROUP FOOD  KENNINGTON,-£11.60,£3295.10
2024-05-29,))),SAINSBURYS S/MKTS SURBITON STAT,-£1.25,£3306.70
2024-05-29,))),KFC               SURBITON,-£17.77,£3307.95
2024-05-28,))),The Limping Fox   Thames Ditton,-£25.65,£3325.72
2024-05-28,VIS,McDonalds ******* Surbiton,-£6.21,£3351.37
2024-05-28,))),Zettle_*Misha MillLondon,-£2.70,£3357.58
2024-05-28,))),TFL TRAVEL CH     TFL.GOV.UK/CP,-£11.70,£3360.28
2024-05-28,))),MERCATO METROPOLITLONDON,-£2.80,£3371.98
2024-05-28,))),YE OLDE SWAN      THAMES DITTON,-£11.50,£3374.78
2024-05-28,VIS,discovery+ StandarLondon,-£6.99,£3386.28
2024-05-24,))),TFL TRAVEL CH     TFL.GOV.UK/CP,-£9.00,£3393.27
2024-05-24,))),GROVE             SURBITON,-£5.95,£3402.27
2024-05-24,))),NUFFIELD HEALTH SUSURBITON,-£2.20,£3408.22
2024-05-23,BP,************************************,-£90.00,£3410.42
2024-05-23,))),TFL TRAVEL CH     TFL.GOV.UK/CP,-£13.10,£3500.42
2024-05-23,))),WASABI VICTORIA SNLONDON,-£9.95,£3513.52
2024-05-23,))),The Antelope      Surbiton,-£5.20,£3523.47
2024-05-23,BP,************************************,£750.00,£3528.67
2024-05-23,DD,OCTOPUS ENERGY,-£140.00,£2778.67
2024-05-22,DD,VODAFONE LTD,-£47.21,£2918.67
2024-05-21,))),TFL TRAVEL CH     TFL.GOV.UK/CP,-£11.70,£2965.88
2024-05-21,VIS,MNK*Two Spoons    London,-£2.20,£2977.58
2024-05-20,VIS,JOSE PIZARRO THE SLONDON,-£16.50,£2979.78
2024-05-20,VIS,RINGGO PARKING    MAIDSTONE,-£8.30,£2996.28
2024-05-20,VIS,BILLS-WEBSITE.CO.ULONDON,-£23.90,£3004.58
2024-05-20,VIS,The Salt Pig Too  Swanage,-£6.00,£3028.48
2024-05-19,BP,************************************,£500.00,£3034.48
2024-05-16,))),CO-OP GROUP ******SWANAGE,-£14.75,£2534.48
2024-05-15,))),THE FISH PLAICE   SWANAGE BH**,-£29.20,£2549.23
2024-05-15,))),CO-OP GROUP ******SWANAGE,-£7.00,£2578.43
2024-05-15,))),BOOTS/****        SWANAGE,-£2.99,£2585.43
2024-05-15,DD,INTERACTIVE INVEST,-£540.00,£2588.42
2024-05-14,))),CO-OP GROUP ******SWANAGE,-£59.28,£3128.42
2024-05-14,))),CO-OP GROUP ******SWANAGE,-£18.50,£3187.70
2024-05-14,))),WESSEX RETAIL LTD SWANGE,-£7.39,£3206.20
2024-05-14,DD,INTERACTIVE INVESTFIRST PAYMENT,-£11.99,£3213.59
2024-05-13,))),SQ *THE ELM TREE  Ringwood,-£7.10,£3225.58
2024-05-13,))),WESSEX RETAIL LTD SWANGE,-£24.56,£3232.68
2024-05-13,))),SAINSBURY'S S/MKT SURBITON,-£68.82,£3257.24
2024-05-10,))),VRISTHI NEWS      THAMES DITTON,-£17.03,£3326.06
2024-05-10,))),YE OLDE SWAN      THAMES DITTON,-£11.45,£3343.09
2024-05-10,))),TST-SURBEANTON RESSurbiton,-£6.15,£3354.54
2024-05-10,CR,************************************,£450.00,£3360.69
2024-05-09,))),TESCO STORES **** EAST MOLESEY,-£16.78,£2910.69
2024-05-08,))),WAITROSE ***      SURBITON,-£6.95,£2927.47
2024-05-08,))),PREMIER WINE      HAMPTON,-£7.20,£2934.42
2024-05-08,VIS,TESCO PAYAT PUMP *WEST BYFLEET,-£54.60,£2941.62
2024-05-08,CR,******************,£50.94,£2996.22
2024-05-07,VIS,AMAZON* ***-******LONDON,-£86.68,£2945.28
2024-05-07,VIS,B & Q ****        NEW MALDEN,-£39.59,£3031.96
2024-05-07,VIS,McDonalds ******* Surbiton,-£1.49,£3071.55
2024-05-07,CR,******************,£551.00,£3073.04
2024-05-07,SO,************************************,-£282.00,£2522.04
2024-05-03,VIS,McDonalds ******* Surbiton,-£7.83,£2804.04
2024-05-03,))),TST-SURBEANTON RESSurbiton,-£6.15,£2811.87
2024-05-02,BP,************************************,£309.00,£2818.02
2024-05-02,VIS,INT'L **********  APPLE.COM/BILL    ***********,-£10.99,£2509.02
2024-05-01,))),THE NAGS HEAD     ABINGDON,-£12.55,£2520.01
2024-05-01,))),NYX*LtdUK         Warrington,-£1.50,£2532.56
2024-05-01,))),SumUp  *Missing BeAbingdon,-£6.50,£2534.06
2024-05-01,SO,************************************,-£200.00,£2540.56
2024-04-30,))),STARBUCKS ABINGDONOXFORDSHIRE,-£7.30,£2740.56
2024-04-30,))),TESCO STORES **** ABINGDON,-£3.00,£2747.86
2024-04-29,))),STARBUCKS ABINGDONOXFORDSHIRE,-£2.75,£2750.86
2024-04-29,))),WAITROSE ***      ABINGDON,-£21.05,£2753.61
2024-04-29,))),OXFORD KFC        OXFORD,-£9.99,£2774.66
2024-04-29,CR,******************,£694.16,£2784.65
2024-04-26,))),SumUp  *ThePressRoTwickenham,-£9.75,£2090.49
2024-04-26,))),NUFFIELD HEALTH SUSURBITON,-£5.00,£2100.24
2024-04-26,))),The Antelope      Surbiton,-£6.90,£2105.24
2024-04-25,))),SAINSBURYS S/MKTS SURBITON,-£21.25,£2112.14
2024-04-25,))),KFC               SURBITON,-£17.67,£2133.39
2024-04-25,))),Henry's Kitchen   East Molesey,-£2.55,£2151.06
2024-04-24,))),VRISTHI NEWS      THAMES DITTON,-£7.26,£2153.61
2024-04-24,))),MFG PALACE        EAST MOLESEY,-£50.37,£2160.87
2024-04-24,DD,VODAFONE LTD,-£47.67,£2211.24
2024-04-23,))),VRISTHI NEWS      THAMES DITTON,-£7.01,£2258.91
2024-04-23,))),SAINSBURYS S/MKTS SURBITON,-£17.00,£2265.92
2024-04-23,DD,OCTOPUS ENERGY,-£212.52,£2282.92
2024-04-22,))),RWRD LTD          BEACONSFIELD,-£2.00,£2495.44
2024-04-22,))),TST-SURBEANTON RESSurbiton,-£0.75,£2497.44
2024-04-22,VIS,McDonalds ******* Surbiton,-£7.83,£2498.19
2024-04-22,))),The Antelope      Surbiton,-£10.65,£2506.02
2024-04-22,))),STARBUCKS COFFEE  COLCHESTER,-£2.50,£2516.67
2024-04-22,))),RIVENHALL SERVICE WITHAM,-£25.36,£2519.17
2024-04-22,))),Kokoro            Kingston upon,-£2.15,£2544.53
2024-04-20,BP,************************************,-£50.00,£2546.68
2024-04-18,CR,************************************,£1500.00,£2596.68
2024-04-18,))),TFL TRAVEL CH     TFL.GOV.UK/CP,-£15.60,£1096.68
2024-04-18,))),Brewdog Waterloo  London,-£7.65,£1112.28
2024-04-15,DD,INTERACTIVE INVEST,-£540.00,£1119.93
2024-04-15,CR,******************,£400.00,£1659.93
2024-04-12,DD,INTERACTIVE INVESTFIRST PAYMENT,-£11.99,£1259.93
2024-04-08,DR,************************************,-£3.07,£1271.92
2024-04-08,VIS,INT'L **********  MIRABELL (MBLPM)  MONGKOK           HKD * ***.**      @*.**** Visa Rate,-£111.65,£1274.99
2024-04-08,DR,************************************,-£1.80,£1386.64
2024-04-08,))),INT'L **********  BALENO (HK***)    MONGKOK           HKD ***.**        @*.**** Visa Rate,-£65.73,£1388.44
2024-04-08,DR,************************************,-£3.36,£1454.17
2024-04-08,VIS,INT'L **********  COTTON ON H K LTD KOWLOON           HKD * ***.**      @*.**** Visa Rate,-£122.47,£1457.53
2024-04-08,))),BOOTS ****        HEATHROW,-£4.25,£1580.00
2024-04-08,))),BOOTS ****        HEATHROW,-£1.95,£1584.25
2024-04-08,))),CO-OP GROUP FOOD  ******,-£20.60,£1586.20
2024-04-08,CR,************************************,£500.00,£1606.80
2024-04-08,CR,******************,£551.00,£1106.80
2024-04-05,))),STARBUCKS         LONDON,-£2.70,£555.80
2024-04-04,))),SAINSBURYS S/MKTS SURBITON,-£6.25,£558.50
2024-04-04,))),BOOTS ****        SURBITON,-£3.15,£564.75
2024-04-04,SO,************************************,-£282.00,£567.90
2024-04-03,BP,************************************,-£300.00,£849.90
2024-04-02,VIS,INT'L **********  APPLE.COM/BILL    ***********,-£10.99,£1149.90
2024-04-02,))),BUDGENS           THAMES DITTO,-£9.48,£1160.89
2024-04-02,))),B & Q ****        NEW MALDEN,-£34.59,£1170.37
2024-04-02,))),TESCO STORES **** NEW MALDEN,-£19.50,£1204.96
2024-04-02,VIS,TESCO PAY AT PUMP NEW MALDEN,-£39.96,£1224.46
2024-04-02,))),VRISTHI NEWS      THAMES DITTON,-£5.95,£1264.42
2024-04-02,CR,************************************,£500.00,£1270.37
2024-04-02,CR,************************************,£500.00,£770.37
2024-04-02,SO,************************************,-£200.00,£270.37
2024-03-28,))),SQ *COVENT GARDEN London,-£3.26,£470.37
2024-03-28,))),TFL TRAVEL CH     TFL.GOV.UK/CP,-£10.00,£473.63
2024-03-28,))),SAINSBURYS S/MKTS SURBITON STAT,-£11.65,£483.63
2024-03-28,))),SAINSBURYS S/MKTS SURBITON,-£3.12,£495.28
2024-03-27,))),VRISTHI NEWS      THAMES DITTON,-£6.65,£498.40
2024-03-27,VIS,McDonalds ******* Surbiton,-£5.71,£505.05
2024-03-27,BP,************************************,-£90.00,£510.76
2024-03-26,))),TFL TRAVEL CH     TFL.GOV.UK/CP,-£7.40,£600.76
2024-03-26,VIS,WWW.GOV.UK/PAY-DARLEEDS,-£5.00,£608.16
2024-03-25,VIS,KFC               SURBITON,-£10.68,£613.16
2024-03-25,))),TFL TRAVEL CH     TFL.GOV.UK/CP,-£13.40,£623.84
2024-03-25,))),SAINSBURYS S/MKTS SURBITON,-£14.00,£637.24
2024-03-25,))),WATERLOO STARBUCKSLONDON,-£3.10,£651.24
2024-03-25,))),LITTLE BEAR CAFE  LONDON  NW*,-£6.10,£654.34
2024-03-25,))),TFL TRAVEL CH     TFL.GOV.UK/CP,-£13.40,£660.44
2024-03-25,DD,OCTOPUS ENERGY,-£212.52,£673.84
2024-03-22,))),TST-SURBEANTON RESSurbiton,-£30.60,£886.36
2024-03-22,DD,VODAFONE LTD,-£43.74,£916.96
2024-03-21,))),The Antelope      Surbiton,-£10.90,£960.70
2024-03-20,))),VRISTHI NEWS      THAMES DITTON,-£4.76,£971.60
2024-03-18,))),SURBEANTON COFFEE KT* *JL KT*,-£6.15,£976.36
2024-03-18,))),SURBEANTON COFFEE KT* *JL KT*,-£6.15,£982.51
2024-03-15,VIS,McDonalds ******* London,-£7.13,£988.66
2024-03-15,DD,INTERACTIVE INVEST,-£540.00,£995.79
2024-03-14,))),VICTORIA PLACE LEOLONDON,-£3.20,£1535.79
2024-03-14,))),TFL TRAVEL CH     TFL.GOV.UK/CP,-£15.60,£1538.99
2024-03-14,))),SAINSBURYS S/MKTS SURBITON,-£6.30,£1554.59
2024-03-14,))),POSTMARK TRADING LLONDON,-£2.95,£1560.89
2024-03-14,VIS,Wix.com **********London,£219.60,£1563.84
2024-03-14,DD,INTERACTIVE INVESTFIRST PAYMENT,-£11.99,£1344.24
2024-03-13,VIS,Wix.com **********London,-£432.00,£1356.23
2024-03-12,CR,************************************,£350.00,£1788.23
2024-03-11,))),SAINSBURYS S/MKTS HEYFORD HILL,-£11.64,£1438.23
2024-03-11,))),WELCOME BREAK-BEACBEACONSFIELD,-£3.15,£1449.87
2024-03-11,))),BEACONSFIELD LEON-BUCKINGHAMSHI,-£7.99,£1453.02
2024-03-11,))),SHELL EPPING **   EPPING,-£25.11,£1461.01
2024-03-11,))),MARKS & SPENCER SABEACONSFIELD,-£4.15,£1486.12
2024-03-11,VIS,McDonalds ******* Buckinghamshi,-£7.03,£1490.27
2024-03-11,VIS,LONDON BOROUGH OF LONDON,-£4.30,£1497.30
2024-03-11,))),PIZZA EXPRESS     ABINGDON ***,-£24.02,£1501.60
2024-03-08,CR,************************************,£287.50,£1525.62
2024-03-07,))),SAINSBURYS S/MKTS SURY BASIN,-£17.00,£1238.12
2024-03-07,))),JOHN LEWIS        WOOD STREET,-£1.70,£1255.12
2024-03-07,))),WAITROSE ***      KINGSTON,-£6.85,£1256.82
2024-03-07,))),Futon Company     Kingston,-£30.00,£1263.67
2024-03-07,CR,******************,£551.00,£1293.67
2024-03-06,))),B & Q ****        NEW MALDEN,-£50.49,£742.67
2024-03-05,VIS,LIDL GB CHESSINGTOCHESSINGTON,-£103.34,£793.16
2024-03-05,CR,************************************,£340.00,£896.50
2024-03-04,VIS,INT'L **********  APPLE.COM/BILL    ***********,-£10.99,£556.50
2024-03-04,))),CO-OP GROUP FOOD  ******,-£17.70,£567.49
2024-03-04,))),SQ *LVSA          Hertford,-£70.00,£585.19
2024-03-04,))),The Antelope      Surbiton,-£21.95,£655.19
2024-03-04,))),The Limping Fox   Thames Ditton,-£22.80,£677.14
2024-03-04,CR,************************************,£500.00,£699.94
2024-03-04,SO,************************************,-£282.00,£199.94
2024-03-01,))),The Antelope      Surbiton,-£4.30,£481.94
2024-03-01,VIS,McDonalds ******* Surbiton,-£6.43,£486.24
2024-03-01,SO,************************************,-£200.00,£492.67
2024-02-29,))),TFL TRAVEL CH     TFL.GOV.UK/CP,-£7.00,£692.67
2024-02-29,))),SumUp  *ThePressRoTwickenham,-£2.50,£699.67
2024-02-29,BP,************************************,-£90.00,£702.17
2024-02-28,))),VRISTHI NEWS      THAMES DITTON,-£18.50,£792.17
2024-02-28,))),SAINSBURYS S/MKTS SURBITON,-£0.75,£810.67
2024-02-28,))),DENNYS BOOKS      THAMES DITTON,-£6.99,£811.42
2024-02-27,))),TFL TRAVEL CH     TFL.GOV.UK/CP,-£9.60,£818.41
2024-02-27,))),SAINSBURYS S/MKTS SURBITON,-£7.65,£828.01
2024-02-27,VIS,McDonalds ******* Birmingham,-£6.90,£835.66
2024-02-26,))),TFL TRAVEL CH     TFL.GOV.UK/CP,-£5.30,£842.56
2024-02-26,))),JoeAndTheJuice_RicLondon,-£2.90,£847.86
2024-02-26,))),Lass O?Richmond HiRichmond,-£14.60,£850.76
2024-02-26,))),WELCOME BREAK-WARWWARWICK,-£3.05,£865.36
2024-02-26,))),WELCOME B/WAITROSEWARWICK,-£3.15,£868.41
2024-02-26,))),RONTEC LEATHERHEADLEATHERHEAD,-£50.43,£871.56
2024-02-26,ATM,CASH NATWIDE FEB26VICTORIA ROA@15:49,-£10.00,£921.99
2024-02-25,BP,************************************,-£15.00,£931.99
2024-02-23,))),SAINSBURYS S/MKTS SURBITON,-£84.23,£946.99
2024-02-23,CR,************************************,£300.00,£1031.22
2024-02-23,DD,OCTOPUS ENERGY,-£212.52,£731.22
2024-02-23,CR,******************,£205.00,£943.74
2024-02-22,BP,************************************,-£22.88,£738.74
2024-02-22,BP,************************************,-£200.00,£761.62
2024-02-22,DD,VODAFONE LTD,-£43.74,£961.62
2024-02-20,))),WAITROSE ***      KINGSTON,-£20.90,£1005.36
2024-02-19,))),TFL TRAVEL CH     TFL.GOV.UK/CP,-£6.40,£1026.26
2024-02-19,))),KFC               SURBITON,-£16.48,£1032.66
2024-02-19,))),TFL TRAVEL CH     TFL.GOV.UK/CP,-£12.50,£1049.14
2024-02-19,))),SAINSBURYS S/MKTS SURBITON,-£12.75,£1061.64
2024-02-19,))),SAINSBURYS S/MKTS WATERLOO STAT,-£3.35,£1074.39
2024-02-19,))),TATE MODERN EATS  LONDON,-£4.90,£1077.74
2024-02-19,))),LIDL GB CHESSINGTOCHESSINGTON,-£56.34,£1082.64
2024-02-16,))),TFL TRAVEL CH     TFL.GOV.UK/CP,-£8.60,£1138.98
2024-02-16,))),The Antelope      Surbiton,-£8.60,£1147.58
2024-02-16,CR,************************************,£416.00,£1156.18
2024-02-15,BP,************************************,-£90.00,£740.18
2024-02-15,VIS,SAINSBURYS S/MKTS SURBITON,-£67.61,£830.18
2024-02-15,DD,INTERACTIVE INVEST,-£540.00,£897.79
2024-02-14,))),Roadchef Limited  Cannock,-£5.78,£1437.79
2024-02-14,DD,INTERACTIVE INVESTFIRST PAYMENT,-£11.99,£1443.57
2024-02-13,))),GAYNOR SPORTS LTD AMBLESIDE,-£56.34,£1455.56
2024-02-13,))),M* TOLL           LICHFIELD,-£8.90,£1511.90
2024-02-13,VIS,WESTMORLAND AND FUKENDAL,-£2.20,£1520.80
2024-02-13,VIS,WESTMORLAND AND FUKENDAL,-£2.20,£1523.00
2024-02-12,))),SumUp  *The Old PoWindermere,-£6.00,£1525.20
2024-02-12,))),WELCOME BREAK-OXFOOXFORD,-£3.00,£1531.20
2024-02-12,))),MFG PALACE        EAST MOLESEY,-£31.51,£1534.20
2024-02-12,))),SHELL A***        KENDAL,-£4.38,£1565.71
2024-02-12,))),TESCO STORES **** WHITCHURCH,-£29.00,£1570.09
2024-02-12,))),Norton Canes Leon Cannock,-£2.99,£1599.09
2024-02-12,VIS,McDonalds ******* Cannock,-£8.63,£1602.08
2024-02-09,))),SQ *FEE-KA        London,-£2.50,£1610.71
2024-02-09,))),TFL TRAVEL CH     TFL.GOV.UK/CP,-£13.00,£1613.21
2024-02-09,))),PIZZA EXPRESS     LONDON ****,-£24.00,£1626.21
2024-02-09,))),SAINSBURYS S MKTS LEICESTER SQ,-£1.88,£1650.21
2024-02-09,))),WATERSTONES       LONDON,-£2.50,£1652.09
2024-02-07,CR,************************************,£10.00,£1654.59
2024-02-07,CR,******************,£551.00,£1644.59
2024-02-06,))),PEMBROKE LODGE    RICHMOND TW**,-£8.95,£1093.59
2024-02-05,VIS,INT'L **********  APPLE.COM/BILL    CORK,-£6.99,£1102.54
2024-02-05,))),PEMBROKE LODGE    RICHMOND TW**,-£2.95,£1109.53
2024-02-05,))),TFL TRAVEL CH     TFL.GOV.UK/CP,-£9.60,£1112.48
2024-02-05,))),THE HARP          LONDON WC*N,-£11.60,£1122.08
2024-02-05,VIS,McDonalds ******* London,-£8.33,£1133.68
2024-02-05,SO,************************************,-£282.00,£1142.01
2024-02-02,DR,************************************,-£0.49,£1424.01
2024-02-02,VIS,INT'L **********  IMG INSURANCE     ***-***-****      USD **.** @ *.**** Visa Rate,-£18.02,£1424.50
2024-02-02,))),OLE AND STEEN  VICLONDON,-£2.95,£1442.52
2024-02-02,))),TFL TRAVEL CH     TFL.GOV.UK/CP,-£11.20,£1445.47
2024-02-02,))),SAINSBURYS S/MKTS SURBITON,-£25.13,£1456.67
2024-02-02,VIS,OLE AND STEEN  VICLONDON,-£2.95,£1481.80
2024-02-02,DD,HSBC CREDIT CARD,-£3.19,£1484.75
2024-02-02,CR,******************,£305.50,£1487.94
2024-02-01,BP,************************************,-£75.00,£1182.44
2024-02-01,BP,************************************,-£90.00,£1257.44
2024-02-01,))),TFL TRAVEL CH     TFL.GOV.UK/CP,-£7.00,£1347.44
2024-02-01,))),SAINSBURYS S/MKTS SURBITON,-£21.75,£1354.44
2024-01-31,OBP,************************************,-£6031.98,£1376.19
2024-01-31,CR,************************************,£5000.00,£7408.17
2024-01-30,))),VRISTHI NEWS      THAMES DITTON,-£7.20,£2408.17
2024-01-29,VIS,LIDL GB CHESSINGTOCHESSINGTON,-£63.34,£2415.37
2024-01-29,))),NICE BUNS  CAFE   THAMES DITTON,-£2.70,£2478.71
2024-01-29,))),KFC               SURBITON,-£18.66,£2481.41
2024-01-26,))),VRISTHI NEWS      THAMES DITTON,-£17.00,£2500.07
2024-01-26,))),TFL TRAVEL CH     TFL.GOV.UK/CP,-£1.75,£2517.07
2024-01-26,))),JOSE PIZARRO THE SLONDON,-£12.00,£2518.82
2024-01-26,VIS,McDonalds ******* Surbiton,-£3.12,£2530.82
2024-01-25,))),Victoria          Surbiton,-£8.60,£2533.94
2024-01-25,))),Victoria          Surbiton,-£6.30,£2542.54
2024-01-25,))),SUMUP  *THEPRESSROTWICKENHAM,-£2.50,£2548.84
2024-01-24,))),VRISTHI NEWS      THAMES DITTON,-£6.01,£2551.34
2024-01-24,DD,VODAFONE LTD,-£43.74,£2557.35
2024-01-23,))),The Antelope      Surbiton,-£10.90,£2601.09
2024-01-23,))),CAFFE NERO SURBITOSURBITON,-£2.15,£2611.99
2024-01-23,DD,OCTOPUS ENERGY,-£212.52,£2614.14
2024-01-22,))),INT'L **********  PYD*BrewDog WaterlLondon,-£7.35,£2826.66
2024-01-22,))),TFL TRAVEL CH     TFL.GOV.UK/CP,-£9.60,£2834.01
2024-01-22,))),ROYALOPERAHSE     LONDON,-£1.30,£2843.61
2024-01-22,))),ROYALOPERAHSE     LONDON,-£6.10,£2844.91
2024-01-22,))),ROYALOPERAHSE     LONDON,-£1.30,£2851.01
2024-01-22,))),SURBEANTON COFFEE KT* *JL KT*,-£10.90,£2852.31
2024-01-19,))),VRISTHI NEWS      THAMES DITTON,-£14.56,£2863.21
2024-01-18,))),MFG PALACE        EAST MOLESEY,-£41.99,£2877.77
2024-01-18,))),Dunelm Soft FurnisLeicester,-£65.20,£2919.76
2024-01-18,VIS,WWW.SCREWFIX.COM  YEOVIL,-£5.99,£2984.96
2024-01-17,))),Hideaway          Surbiton,-£2.81,£2990.95
2024-01-15,VIS,Amazon.co.uk*WB**UAMAZON.CO.UK,-£26.00,£2993.76
2024-01-15,))),The Antelope      Surbiton,-£8.30,£3019.76
2024-01-15,))),POST OFFICE COUNTESURBITON,-£2.75,£3028.06
2024-01-15,))),The Antelope      Surbiton,-£5.50,£3030.81
2024-01-15,))),The Antelope      Surbiton,-£10.90,£3036.31
2024-01-15,))),Kokoro Surbiton   Surbiton,-£12.50,£3047.21
2024-01-15,VIS,Dunelm SoftFurnishLeicester,-£79.00,£3059.71
2024-01-15,VIS,HM PASSPORT OFFICEDURHAM,-£87.50,£3138.71
2024-01-15,DD,INTERACTIVE INVEST,-£540.00,£3226.21
2024-01-12,))),NATIONAL TRUST    DORKING,-£5.75,£3766.21
2024-01-12,DD,INTERACTIVE INVESTFIRST PAYMENT,-£11.99,£3771.96
2024-01-11,))),SURBEANTON COFFEE KT* *JL KT*,-£6.15,£3783.95
2024-01-11,VIS,LIDL GB CHESSINGTOCHESSINGTON,-£73.95,£3790.10
2024-01-10,))),SQ *EX CELLAR SURBLong Ditton,-£6.30,£3864.05
2024-01-09,))),The Antelope      Surbiton,-£8.30,£3870.35
2024-01-08,))),WAITROSE ***      SURBITON,-£17.35,£3878.65
2024-01-08,))),VRISTHI NEWS      THAMES DITTON,-£6.01,£3896.00
2024-01-08,))),TFL TRAVEL CH     TFL.GOV.UK/CP,-£9.60,£3902.01
2024-01-08,))),WASABI WATERLOO   LONDON,-£6.45,£3911.61
2024-01-08,))),THE BALCONY-WATERLLONDON SE*,-£6.55,£3918.06
2024-01-08,))),BP KEMPTON PARK COSUNBURY ON TH,-£35.01,£3924.61
2024-01-08,VIS,Amazon Prime*K***Eamzn.co.uk/pm,-£8.99,£3959.62
2024-01-08,VIS,NANDOS.CO.UK      LONDON,-£31.65,£3968.61
2024-01-08,CR,******************,£551.00,£4000.26
2024-01-05,VIS,INT'L **********  APPLE.COM/BILL    ***********,-£6.99,£3449.26
2024-01-05,CR,************************************,£364.00,£3456.25
2024-01-04,))),WAITROSE ***      THAME,-£7.85,£3092.25
2024-01-04,))),FatFace           Thame,-£30.00,£3100.10
2024-01-04,SO,************************************,-£282.00,£3130.10
2024-01-03,))),WELCOME BREAK-BEACBEACONSFIELD,-£6.95,£3412.10
2024-01-03,))),TESCO STORES **** PRINCES R'BOR,-£30.60,£3419.05
2024-01-03,BP,************************************,£1100.60,£3449.65
2024-01-02,VIS,INT'L **********  APPLE.COM/BILL    APPLE.COM/BIL,-£10.49,£2349.05
2024-01-02,))),THE NAGS HEAD     ABINGDON,-£7.95,£2359.54
2024-01-02,))),THE NAGS HEAD     ABINGDON,-£5.30,£2367.49
2024-01-02,VIS,TOOLSTATION UK    NORTHAMPTON,-£2.58,£2372.79
2024-01-02,))),TESCO STORES **** ABINGDON,-£3.00,£2375.37
2024-01-02,))),TOOLSTATION LTD   ABINGDON,-£10.74,£2378.37
2024-01-02,))),TESCO STORES **** ABINGDON,-£7.55,£2389.11
2023-12-28,))),KFC               SURBITON,-£17.07,£2396.66
2023-12-28,VIS,NSL RB KINGSTON (EBASINGSTOKE,-£0.20,£2413.73
2023-12-27,))),LIDL GB CHESSINGTOCHESSINGTON,-£56.86,£2413.93
2023-12-27,))),TFL TRAVEL CH     TFL.GOV.UK/CP,-£8.60,£2470.79
2023-12-27,))),SAINSBURYS S/MKTS SURBITON,-£7.42,£2479.39
2023-12-27,))),KFC               SURBITON,-£8.99,£2486.81
2023-12-27,DD,OCTOPUS ENERGY,-£212.52,£2495.80
2023-12-22,VIS,JOHN LEWIS        KINGSTON,-£135.74,£2708.32
2023-12-22,ATM,CASH NATWIDE DEC22VICTORIA ROA@15:42,-£20.00,£2844.06
2023-12-22,DD,VODAFONE LTD,-£43.74,£2864.06
2023-12-21,CR,************************************,£70.00,£2907.80
2023-12-21,))),The Antelope      Surbiton,-£5.70,£2837.80
2023-12-21,))),The Antelope      Surbiton,-£5.70,£2843.50
2023-12-21,VIS,WWW.SHIPTONTONIA.CB'HAM B**,-£53.95,£2849.20
2023-12-20,VIS,Amazon.co.uk**E*DHAMAZON.CO.UK,-£71.99,£2903.15
2023-12-20,CR,************************************,£220.00,£2975.14
2023-12-20,CR,******************,£1520.00,£2755.14
2023-12-19,VIS,AMZNMktplace      amazon.co.uk,-£52.98,£1235.14
2023-12-19,))),SAINSBURY'S S/MKT SURBITON,-£84.49,£1288.12
2023-12-19,))),RIVENHALL SERVICE WITHAM,-£50.96,£1372.61
2023-12-19,VIS,AXA INSURANCE     **** *** ****,-£294.94,£1423.57
2023-12-19,VIS,McDonalds ******* Surbiton,-£6.43,£1718.51
2023-12-18,))),SQUIRES GARDEN CENLONG DITTON,-£39.99,£1724.94
2023-12-18,VIS,WWW.GOV.UK/PAY-DARHAVANT,-£5.00,£1764.93
2023-12-18,VIS,JOHN LEWIS        KINGSTON,-£347.43,£1769.93
2023-12-15,))),TFL TRAVEL CH     TFL.GOV.UK/CP,-£12.80,£2117.36
2023-12-15,))),ZETTLE_*REDEMPTIONLONDON,-£3.30,£2130.16
2023-12-15,))),TESCO STORES      LONDON,-£0.54,£2133.46
2023-12-15,DD,INTERACTIVE INVEST,-£540.00,£2134.00
2023-12-14,))),FARRINGDON LEON   LONDON,-£2.80,£2674.00
2023-12-14,))),FARRINGDON LEON   LONDON,-£5.79,£2676.80
2023-12-14,))),TFL TRAVEL CH     TFL.GOV.UK/CP,-£14.90,£2682.59
2023-12-14,VIS,McDonalds ******* Guildford,-£8.13,£2697.49
2023-12-14,OBP,************************************,-£6000.00,£2705.62
2023-12-14,OBP,************************************,-£6000.00,£8705.62
2023-12-14,DD,INTERACTIVE INVESTFIRST PAYMENT,-£11.99,£14705.62
2023-12-13,BP,************************************,-£339.80,£14717.61
2023-12-13,))),SHELL LOWER EASHINGODALMING,-£30.17,£15057.41
2023-12-13,))),WAGAMAMA CHICHESTECHICHESTER,-£19.00,£15087.58
2023-12-13,))),Trading Post      Chichester,-£2.75,£15106.58
2023-12-13,VIS,Chichester DistricChichester,-£5.70,£15109.33
2023-12-12,))),WAITROSE ***      ESHER,-£18.90,£15115.03
2023-12-11,))),VRISTHI NEWS      THAMES DITTON,-£5.48,£15133.93
2023-12-11,))),Twickenham Trees  Twickenham,-£30.00,£15139.41
2023-12-11,))),The Antelope      Surbiton,-£12.30,£15169.41
2023-12-11,))),SQ *LAURENTS      London,-£2.60,£15181.71
2023-12-11,))),TFL TRAVEL CH     TFL.GOV.UK/CP,-£7.00,£15184.31
2023-12-11,))),C?te Chiswick     London,-£22.00,£15191.31
2023-12-11,))),Heisenberg        London,-£2.60,£15213.31
2023-12-11,))),TFL TRAVEL CH     TFL.GOV.UK/CP,-£14.30,£15215.91
2023-12-08,))),VRISTHI NEWS      THAMES DITTON,-£6.99,£15230.21
2023-12-08,CR,************************************,£450.00,£15237.20
2023-12-08,CR,******************,£519.00,£14787.20
,,,,
Arranged overdraft limit,2025-01-07,£0.00,,