Date,Type,Merchant/Description,Debit/Credit,Balance
2024-03-26,))),TFL TRAVEL CH     TFL.GOV.UK/CP,-£7.40,+£600.76
2024-03-26,VIS,WWW.GOV.UK/PAY-DARLEEDS,-£5.00,+£608.16
2024-03-25,VIS,KFC               SURBITON,-£10.68,+£613.16
2024-03-25,))),TFL TRAVEL CH     TFL.GOV.UK/CP,-£13.40,+£623.84
2024-03-25,))),SAINSBURYS S/MKTS SURBITON,-£14.00,+£637.24
2024-03-25,))),WATERLOO STARBUCKSLONDON,-£3.10,+£651.24
2024-03-25,))),LITTLE BEAR CAFE  LONDON  NW*,-£6.10,+£654.34
2024-03-25,))),TFL TRAVEL CH     TFL.GOV.UK/CP,-£13.40,+£660.44
2024-03-25,DD,OCTOPUS ENERGY,-£212.52,+£673.84
2024-03-22,))),TST-SURBEANTON RESSurbiton,-£30.60,+£886.36
2024-03-22,DD,VODAFONE LTD,-£43.74,+£916.96
2024-03-21,))),The Antelope      Surbiton,-£10.90,+£960.70
2024-03-20,))),VRISTHI NEWS      THAMES DITTON,-£4.76,+£971.60
2024-03-18,))),SURBEANTON COFFEE KT* *JL KT*,-£6.15,+£976.36
2024-03-18,))),SURBEANTON COFFEE KT* *JL KT*,-£6.15,+£982.51
2024-03-15,VIS,McDonalds ******* London,-£7.13,+£988.66
2024-03-15,DD,INTERACTIVE INVEST,-£540.00,+£995.79
2024-03-14,))),VICTORIA PLACE LEOLONDON,-£3.20,+£1535.79
2024-03-14,))),TFL TRAVEL CH     TFL.GOV.UK/CP,-£15.60,+£1538.99
2024-03-14,))),SAINSBURYS S/MKTS SURBITON,-£6.30,+£1554.59
2024-03-14,))),POSTMARK TRADING LLONDON,-£2.95,+£1560.89
2024-03-14,VIS,Wix.com **********London,+£219.60,+£1563.84
2024-03-14,DD,INTERACTIVE INVESTFIRST PAYMENT,-£11.99,+£1344.24
2024-03-13,VIS,Wix.com **********London,-£432.00,+£1356.23
2024-03-12,CR,************************************,+£350.00,+£1788.23
2024-03-11,))),SAINSBURYS S/MKTS HEYFORD HILL,-£11.64,+£1438.23
2024-03-11,))),WELCOME BREAK-BEACBEACONSFIELD,-£3.15,+£1449.87
2024-03-11,))),BEACONSFIELD LEON-BUCKINGHAMSHI,-£7.99,+£1453.02
2024-03-11,))),SHELL EPPING **   EPPING,-£25.11,+£1461.01
2024-03-11,))),MARKS & SPENCER SABEACONSFIELD,-£4.15,+£1486.12
2024-03-11,VIS,McDonalds ******* Buckinghamshi,-£7.03,+£1490.27
2024-03-11,VIS,LONDON BOROUGH OF LONDON,-£4.30,+£1497.30
2024-03-11,))),PIZZA EXPRESS     ABINGDON ***,-£24.02,+£1501.60
2024-03-08,CR,************************************,+£287.50,+£1525.62
2024-03-07,))),SAINSBURYS S/MKTS SURY BASIN,-£17.00,+£1238.12
2024-03-07,))),JOHN LEWIS        WOOD STREET,-£1.70,+£1255.12
2024-03-07,))),WAITROSE ***      KINGSTON,-£6.85,+£1256.82
2024-03-07,))),Futon Company     Kingston,-£30.00,+£1263.67
2024-03-07,CR,******************,+£551.00,+£1293.67
2024-03-06,))),B & Q ****        NEW MALDEN,-£50.49,+£742.67
2024-03-05,VIS,LIDL GB CHESSINGTOCHESSINGTON,-£103.34,+£793.16
2024-03-05,CR,************************************,+£340.00,+£896.50
2024-03-04,VIS,INT'L **********  APPLE.COM/BILL    ***********,-£10.99,+£556.50
2024-03-04,))),CO-OP GROUP FOOD  ******,-£17.70,+£567.49
2024-03-04,))),SQ *LVSA          Hertford,-£70.00,+£585.19
2024-03-04,))),The Antelope      Surbiton,-£21.95,+£655.19
2024-03-04,))),The Limping Fox   Thames Ditton,-£22.80,+£677.14
2024-03-04,CR,************************************,+£500.00,+£699.94
2024-03-04,SO,************************************,-£282.00,+£199.94
2024-03-01,))),The Antelope      Surbiton,-£4.30,+£481.94
2024-03-01,VIS,McDonalds ******* Surbiton,-£6.43,+£486.24
2024-03-01,SO,************************************,-£200.00,+£492.67
2024-02-29,))),TFL TRAVEL CH     TFL.GOV.UK/CP,-£7.00,+£692.67
2024-02-29,))),SumUp  *ThePressRoTwickenham,-£2.50,+£699.67
2024-02-29,BP,************************************,-£90.00,+£702.17
2024-02-28,))),VRISTHI NEWS      THAMES DITTON,-£18.50,+£792.17
2024-02-28,))),SAINSBURYS S/MKTS SURBITON,-£0.75,+£810.67
2024-02-28,))),DENNYS BOOKS      THAMES DITTON,-£6.99,+£811.42
2024-02-27,))),TFL TRAVEL CH     TFL.GOV.UK/CP,-£9.60,+£818.41
2024-02-27,))),SAINSBURYS S/MKTS SURBITON,-£7.65,+£828.01
2024-02-27,VIS,McDonalds ******* Birmingham,-£6.90,+£835.66
2024-02-26,))),TFL TRAVEL CH     TFL.GOV.UK/CP,-£5.30,+£842.56
2024-02-26,))),JoeAndTheJuice_RicLondon,-£2.90,+£847.86
2024-02-26,))),Lass O?Richmond HiRichmond,-£14.60,+£850.76
2024-02-26,))),WELCOME BREAK-WARWWARWICK,-£3.05,+£865.36
2024-02-26,))),WELCOME B/WAITROSEWARWICK,-£3.15,+£868.41
2024-02-26,))),RONTEC LEATHERHEADLEATHERHEAD,-£50.43,+£871.56
2024-02-26,ATM,CASH NATWIDE FEB26VICTORIA ROA@15:49,-£10.00,+£921.99
2024-02-25,BP,************************************,-£15.00,+£931.99
2024-02-23,))),SAINSBURYS S/MKTS SURBITON,-£84.23,+£946.99
2024-02-23,CR,************************************,+£300.00,+£1031.22
2024-02-23,DD,OCTOPUS ENERGY,-£212.52,+£731.22
2024-02-23,CR,******************,+£205.00,+£943.74
2024-02-22,BP,************************************,-£22.88,+£738.74
2024-02-22,BP,************************************,-£200.00,+£761.62
2024-02-22,DD,VODAFONE LTD,-£43.74,+£961.62
2024-02-20,))),WAITROSE ***      KINGSTON,-£20.90,+£1005.36
2024-02-19,))),TFL TRAVEL CH     TFL.GOV.UK/CP,-£6.40,+£1026.26
2024-02-19,))),KFC               SURBITON,-£16.48,+£1032.66
2024-02-19,))),TFL TRAVEL CH     TFL.GOV.UK/CP,-£12.50,+£1049.14
2024-02-19,))),SAINSBURYS S/MKTS SURBITON,-£12.75,+£1061.64
2024-02-19,))),SAINSBURYS S/MKTS WATERLOO STAT,-£3.35,+£1074.39
2024-02-19,))),TATE MODERN EATS  LONDON,-£4.90,+£1077.74
2024-02-19,))),LIDL GB CHESSINGTOCHESSINGTON,-£56.34,+£1082.64
2024-02-16,))),TFL TRAVEL CH     TFL.GOV.UK/CP,-£8.60,+£1138.98
2024-02-16,))),The Antelope      Surbiton,-£8.60,+£1147.58
2024-02-16,CR,************************************,+£416.00,+£1156.18
2024-02-15,BP,************************************,-£90.00,+£740.18
2024-02-15,VIS,SAINSBURYS S/MKTS SURBITON,-£67.61,+£830.18
2024-02-15,DD,INTERACTIVE INVEST,-£540.00,+£897.79
2024-02-14,))),Roadchef Limited  Cannock,-£5.78,+£1437.79
2024-02-14,DD,INTERACTIVE INVESTFIRST PAYMENT,-£11.99,+£1443.57
2024-02-13,))),GAYNOR SPORTS LTD AMBLESIDE,-£56.34,+£1455.56
2024-02-13,))),M* TOLL           LICHFIELD,-£8.90,+£1511.90
2024-02-13,VIS,WESTMORLAND AND FUKENDAL,-£2.20,+£1520.80
2024-02-13,VIS,WESTMORLAND AND FUKENDAL,-£2.20,+£1523.00
2024-02-12,))),SumUp  *The Old PoWindermere,-£6.00,+£1525.20
2024-02-12,))),WELCOME BREAK-OXFOOXFORD,-£3.00,+£1531.20
2024-02-12,))),MFG PALACE        EAST MOLESEY,-£31.51,+£1534.20
2024-02-12,))),SHELL A***        KENDAL,-£4.38,+£1565.71
2024-02-12,))),TESCO STORES **** WHITCHURCH,-£29.00,+£1570.09
2024-02-12,))),Norton Canes Leon Cannock,-£2.99,+£1599.09
2024-02-12,VIS,McDonalds ******* Cannock,-£8.63,+£1602.08
2024-02-09,))),SQ *FEE-KA        London,-£2.50,+£1610.71
2024-02-09,))),TFL TRAVEL CH     TFL.GOV.UK/CP,-£13.00,+£1613.21
2024-02-09,))),PIZZA EXPRESS     LONDON ****,-£24.00,+£1626.21
2024-02-09,))),SAINSBURYS S MKTS LEICESTER SQ,-£1.88,+£1650.21
2024-02-09,))),WATERSTONES       LONDON,-£2.50,+£1652.09
2024-02-07,CR,************************************,+£10.00,+£1654.59
2024-02-07,CR,******************,+£551.00,+£1644.59
2024-02-06,))),PEMBROKE LODGE    RICHMOND TW**,-£8.95,+£1093.59
2024-02-05,VIS,INT'L **********  APPLE.COM/BILL    CORK,-£6.99,+£1102.54
2024-02-05,))),PEMBROKE LODGE    RICHMOND TW**,-£2.95,+£1109.53
2024-02-05,))),TFL TRAVEL CH     TFL.GOV.UK/CP,-£9.60,+£1112.48
2024-02-05,))),THE HARP          LONDON WC*N,-£11.60,+£1122.08
2024-02-05,VIS,McDonalds ******* London,-£8.33,+£1133.68
2024-02-05,SO,************************************,-£282.00,+£1142.01
2024-02-02,DR,************************************,-£0.49,+£1424.01
2024-02-02,VIS,INT'L **********  IMG INSURANCE     ***-***-****      USD **.** @ *.**** Visa Rate,-£18.02,+£1424.50
2024-02-02,))),OLE AND STEEN  VICLONDON,-£2.95,+£1442.52
2024-02-02,))),TFL TRAVEL CH     TFL.GOV.UK/CP,-£11.20,+£1445.47
2024-02-02,))),SAINSBURYS S/MKTS SURBITON,-£25.13,+£1456.67
2024-02-02,VIS,OLE AND STEEN  VICLONDON,-£2.95,+£1481.80
2024-02-02,DD,HSBC CREDIT CARD,-£3.19,+£1484.75
2024-02-02,CR,******************,+£305.50,+£1487.94
2024-02-01,BP,************************************,-£75.00,+£1182.44
2024-02-01,BP,************************************,-£90.00,+£1257.44
2024-02-01,))),TFL TRAVEL CH     TFL.GOV.UK/CP,-£7.00,+£1347.44
2024-02-01,))),SAINSBURYS S/MKTS SURBITON,-£21.75,+£1354.44
2024-01-31,OBP,************************************,-£6031.98,+£1376.19
2024-01-31,CR,************************************,+£5000.00,+£7408.17
2024-01-30,))),VRISTHI NEWS      THAMES DITTON,-£7.20,+£2408.17
2024-01-29,VIS,LIDL GB CHESSINGTOCHESSINGTON,-£63.34,+£2415.37
2024-01-29,))),NICE BUNS  CAFE   THAMES DITTON,-£2.70,+£2478.71
2024-01-29,))),KFC               SURBITON,-£18.66,+£2481.41
2024-01-26,))),VRISTHI NEWS      THAMES DITTON,-£17.00,+£2500.07
2024-01-26,))),TFL TRAVEL CH     TFL.GOV.UK/CP,-£1.75,+£2517.07
2024-01-26,))),JOSE PIZARRO THE SLONDON,-£12.00,+£2518.82
2024-01-26,VIS,McDonalds ******* Surbiton,-£3.12,+£2530.82
2024-01-25,))),Victoria          Surbiton,-£8.60,+£2533.94
2024-01-25,))),Victoria          Surbiton,-£6.30,+£2542.54
2024-01-25,))),SUMUP  *THEPRESSROTWICKENHAM,-£2.50,+£2548.84
2024-01-24,))),VRISTHI NEWS      THAMES DITTON,-£6.01,+£2551.34
2024-01-24,DD,VODAFONE LTD,-£43.74,+£2557.35
2024-01-23,))),The Antelope      Surbiton,-£10.90,+£2601.09
2024-01-23,))),CAFFE NERO SURBITOSURBITON,-£2.15,+£2611.99
2024-01-23,DD,OCTOPUS ENERGY,-£212.52,+£2614.14
2024-01-22,))),INT'L **********  PYD*BrewDog WaterlLondon,-£7.35,+£2826.66
2024-01-22,))),TFL TRAVEL CH     TFL.GOV.UK/CP,-£9.60,+£2834.01
2024-01-22,))),ROYALOPERAHSE     LONDON,-£1.30,+£2843.61
2024-01-22,))),ROYALOPERAHSE     LONDON,-£6.10,+£2844.91
2024-01-22,))),ROYALOPERAHSE     LONDON,-£1.30,+£2851.01
2024-01-22,))),SURBEANTON COFFEE KT* *JL KT*,-£10.90,+£2852.31
2024-01-19,))),VRISTHI NEWS      THAMES DITTON,-£14.56,+£2863.21
2024-01-18,))),MFG PALACE        EAST MOLESEY,-£41.99,+£2877.77
2024-01-18,))),Dunelm Soft FurnisLeicester,-£65.20,+£2919.76
2024-01-18,VIS,WWW.SCREWFIX.COM  YEOVIL,-£5.99,+£2984.96
2024-01-17,))),Hideaway          Surbiton,-£2.81,+£2990.95
2024-01-15,VIS,Amazon.co.uk*WB**UAMAZON.CO.UK,-£26.00,+£2993.76
2024-01-15,))),The Antelope      Surbiton,-£8.30,+£3019.76
2024-01-15,))),POST OFFICE COUNTESURBITON,-£2.75,+£3028.06
2024-01-15,))),The Antelope      Surbiton,-£5.50,+£3030.81
2024-01-15,))),The Antelope      Surbiton,-£10.90,+£3036.31
2024-01-15,))),Kokoro Surbiton   Surbiton,-£12.50,+£3047.21
2024-01-15,VIS,Dunelm SoftFurnishLeicester,-£79.00,+£3059.71
2024-01-15,VIS,HM PASSPORT OFFICEDURHAM,-£87.50,+£3138.71
2024-01-15,DD,INTERACTIVE INVEST,-£540.00,+£3226.21
2024-01-12,))),NATIONAL TRUST    DORKING,-£5.75,+£3766.21
2024-01-12,DD,INTERACTIVE INVESTFIRST PAYMENT,-£11.99,+£3771.96
2024-01-11,))),SURBEANTON COFFEE KT* *JL KT*,-£6.15,+£3783.95
2024-01-11,VIS,LIDL GB CHESSINGTOCHESSINGTON,-£73.95,+£3790.10
2024-01-10,))),SQ *EX CELLAR SURBLong Ditton,-£6.30,+£3864.05
2024-01-09,))),The Antelope      Surbiton,-£8.30,+£3870.35
2024-01-08,))),WAITROSE ***      SURBITON,-£17.35,+£3878.65
2024-01-08,))),VRISTHI NEWS      THAMES DITTON,-£6.01,+£3896.00
2024-01-08,))),TFL TRAVEL CH     TFL.GOV.UK/CP,-£9.60,+£3902.01
2024-01-08,))),WASABI WATERLOO   LONDON,-£6.45,+£3911.61
2024-01-08,))),THE BALCONY-WATERLLONDON SE*,-£6.55,+£3918.06
2024-01-08,))),BP KEMPTON PARK COSUNBURY ON TH,-£35.01,+£3924.61
2024-01-08,VIS,Amazon Prime*K***Eamzn.co.uk/pm,-£8.99,+£3959.62
2024-01-08,VIS,NANDOS.CO.UK      LONDON,-£31.65,+£3968.61
2024-01-08,CR,******************,+£551.00,+£4000.26
2024-01-05,VIS,INT'L **********  APPLE.COM/BILL    ***********,-£6.99,+£3449.26
2024-01-05,CR,************************************,+£364.00,+£3456.25
2024-01-04,))),WAITROSE ***      THAME,-£7.85,+£3092.25
2024-01-04,))),FatFace           Thame,-£30.00,+£3100.10
2024-01-04,SO,************************************,-£282.00,+£3130.10
2024-01-03,))),WELCOME BREAK-BEACBEACONSFIELD,-£6.95,+£3412.10
2024-01-03,))),TESCO STORES **** PRINCES R'BOR,-£30.60,+£3419.05
2024-01-03,BP,************************************,+£1100.60,+£3449.65
2024-01-02,VIS,INT'L **********  APPLE.COM/BILL    APPLE.COM/BIL,-£10.49,+£2349.05
2024-01-02,))),THE NAGS HEAD     ABINGDON,-£7.95,+£2359.54
2024-01-02,))),THE NAGS HEAD     ABINGDON,-£5.30,+£2367.49
2024-01-02,VIS,TOOLSTATION UK    NORTHAMPTON,-£2.58,+£2372.79
2024-01-02,))),TESCO STORES **** ABINGDON,-£3.00,+£2375.37
2024-01-02,))),TOOLSTATION LTD   ABINGDON,-£10.74,+£2378.37
2024-01-02,))),TESCO STORES **** ABINGDON,-£7.55,+£2389.11
2023-12-28,))),KFC               SURBITON,-£17.07,+£2396.66
2023-12-28,VIS,NSL RB KINGSTON (EBASINGSTOKE,-£0.20,+£2413.73
2023-12-27,))),LIDL GB CHESSINGTOCHESSINGTON,-£56.86,+£2413.93
2023-12-27,))),TFL TRAVEL CH     TFL.GOV.UK/CP,-£8.60,+£2470.79
2023-12-27,))),SAINSBURYS S/MKTS SURBITON,-£7.42,+£2479.39
2023-12-27,))),KFC               SURBITON,-£8.99,+£2486.81
2023-12-27,DD,OCTOPUS ENERGY,-£212.52,+£2495.80
2023-12-22,VIS,JOHN LEWIS        KINGSTON,-£135.74,+£2708.32
2023-12-22,ATM,CASH NATWIDE DEC22VICTORIA ROA@15:42,-£20.00,+£2844.06
2023-12-22,DD,VODAFONE LTD,-£43.74,+£2864.06
2023-12-21,CR,************************************,+£70.00,+£2907.80
2023-12-21,))),The Antelope      Surbiton,-£5.70,+£2837.80
2023-12-21,))),The Antelope      Surbiton,-£5.70,+£2843.50
2023-12-21,VIS,WWW.SHIPTONTONIA.CB'HAM B**,-£53.95,+£2849.20
2023-12-20,VIS,Amazon.co.uk**E*DHAMAZON.CO.UK,-£71.99,+£2903.15
2023-12-20,CR,************************************,+£220.00,+£2975.14
2023-12-20,CR,******************,+£1520.00,+£2755.14
2023-12-19,VIS,AMZNMktplace      amazon.co.uk,-£52.98,+£1235.14
2023-12-19,))),SAINSBURY'S S/MKT SURBITON,-£84.49,+£1288.12
2023-12-19,))),RIVENHALL SERVICE WITHAM,-£50.96,+£1372.61
2023-12-19,VIS,AXA INSURANCE     **** *** ****,-£294.94,+£1423.57
2023-12-19,VIS,McDonalds ******* Surbiton,-£6.43,+£1718.51
2023-12-18,))),SQUIRES GARDEN CENLONG DITTON,-£39.99,+£1724.94
2023-12-18,VIS,WWW.GOV.UK/PAY-DARHAVANT,-£5.00,+£1764.93
2023-12-18,VIS,JOHN LEWIS        KINGSTON,-£347.43,+£1769.93
2023-12-15,))),TFL TRAVEL CH     TFL.GOV.UK/CP,-£12.80,+£2117.36
2023-12-15,))),ZETTLE_*REDEMPTIONLONDON,-£3.30,+£2130.16
2023-12-15,))),TESCO STORES      LONDON,-£0.54,+£2133.46
2023-12-15,DD,INTERACTIVE INVEST,-£540.00,+£2134.00
2023-12-14,))),FARRINGDON LEON   LONDON,-£2.80,+£2674.00
2023-12-14,))),FARRINGDON LEON   LONDON,-£5.79,+£2676.80
2023-12-14,))),TFL TRAVEL CH     TFL.GOV.UK/CP,-£14.90,+£2682.59
2023-12-14,VIS,McDonalds ******* Guildford,-£8.13,+£2697.49
2023-12-14,OBP,************************************,-£6000.00,+£2705.62
2023-12-14,OBP,************************************,-£6000.00,+£8705.62
2023-12-14,DD,INTERACTIVE INVESTFIRST PAYMENT,-£11.99,+£14705.62
2023-12-13,BP,************************************,-£339.80,+£14717.61
2023-12-13,))),SHELL LOWER EASHINGODALMING,-£30.17,+£15057.41
2023-12-13,))),WAGAMAMA CHICHESTECHICHESTER,-£19.00,+£15087.58
2023-12-13,))),Trading Post      Chichester,-£2.75,+£15106.58
2023-12-13,VIS,Chichester DistricChichester,-£5.70,+£15109.33
2023-12-12,))),WAITROSE ***      ESHER,-£18.90,+£15115.03
2023-12-11,))),VRISTHI NEWS      THAMES DITTON,-£5.48,+£15133.93
2023-12-11,))),Twickenham Trees  Twickenham,-£30.00,+£15139.41
2023-12-11,))),The Antelope      Surbiton,-£12.30,+£15169.41
2023-12-11,))),SQ *LAURENTS      London,-£2.60,+£15181.71
2023-12-11,))),TFL TRAVEL CH     TFL.GOV.UK/CP,-£7.00,+£15184.31
2023-12-11,))),C?te Chiswick     London,-£22.00,+£15191.31
2023-12-11,))),Heisenberg        London,-£2.60,+£15213.31
2023-12-11,))),TFL TRAVEL CH     TFL.GOV.UK/CP,-£14.30,+£15215.91
2023-12-08,))),VRISTHI NEWS      THAMES DITTON,-£6.99,+£15230.21
2023-12-08,CR,************************************,+£450.00,+£15237.20
2023-12-08,CR,******************,+£519.00,+£14787.20
2023-12-07,))),TFL TRAVEL CH     TFL.GOV.UK/CP,-£14.90,+£14268.20
2023-12-07,BP,************************************,-£90.00,+£14283.10
2023-12-07,CR,******************,+£551.00,+£14373.10
2023-12-06,VIS,Amazon.co.uk**X*ZKAMAZON.CO.UK,-£80.00,+£13822.10
2023-12-06,VIS,Amazon Prime**V*U*amzn.co.uk/pm,-£8.99,+£13902.10
2023-12-05,VIS,INT'L **********  APPLE.COM/BILL    ***********,-£6.99,+£13911.09
2023-12-04,VIS,INT'L **********  APPLE.COM/BILL    ***********,-£9.99,+£13918.08
2023-12-04,))),WAITROSE ***      ABINGDON,-£7.99,+£13928.07
2023-12-04,))),VRISTHI NEWS      THAMES DITTON,-£4.78,+£13936.06
2023-12-04,SO,************************************,-£282.00,+£13940.84
2023-12-01,))),SQ *KINGSTON XMAS Hampton Wick,-£13.90,+£14222.84
2023-12-01,))),TFL TRAVEL CH     TFL.GOV.UK/CP,-£11.20,+£14236.74
2023-12-01,))),Zettle_*Phoreal   Wallington,-£7.50,+£14247.94
2023-12-01,))),WAITROSE ***      SURBITON,-£9.65,+£14255.44
2023-12-01,VIS,SQ *KINGSTON XMAS Hampton Wick,+£2.00,+£14265.09
2023-12-01,DD,HSBC CREDIT CARD,-£4.86,+£14263.09
2023-11-30,VIS,trainline         +************,-£32.00,+£14267.95
2023-11-30,))),SAINSBURYS S/MKTS SURBITON,-£8.50,+£14299.95
2023-11-30,))),STARBUCKS         WOKING,-£2.95,+£14308.45
2023-11-29,VIS,AMZNMktplace      amazon.co.uk,-£3.66,+£14311.40
2023-11-29,))),TFL TRAVEL CH     TFL.GOV.UK/CP,-£12.90,+£14315.06
2023-11-29,))),SAINSBURYS S/MKTS SURBITON,-£12.00,+£14327.96
2023-11-29,))),ZETTLE_*SW*COFFEE BROMLEY,-£2.30,+£14339.96
2023-11-29,))),The Little Cat CafLondon,-£2.50,+£14342.26
2023-11-28,))),NICE BUNS  CAFE   THAMES DITTON,-£35.00,+£14344.76
2023-11-28,VIS,CURRYS ONLINE     HEMEL HEMPSTE,-£35.99,+£14379.76
2023-11-28,VIS,LIDL GB CHESSINGTOCHESSINGTON,-£108.31,+£14415.75
2023-11-27,))),TFL TRAVEL CH     TFL.GOV.UK/CP,-£9.60,+£14524.06
2023-11-27,))),WASABI WATERLOO   LONDON,-£8.90,+£14533.66
2023-11-27,))),ROYAL OPERA HOUSE LONDON,-£3.80,+£14542.56
2023-11-27,))),ROYAL OPERA HOUSE LONDON,-£3.50,+£14546.36
2023-11-27,))),ROYAL OPERA HOUSE LONDON,-£3.50,+£14549.86
2023-11-27,))),ROYALOPERAHSE     LONDON,-£8.10,+£14553.36
2023-11-27,))),SAINSBURYS S/MKTS SURBITON,-£21.41,+£14561.46
2023-11-27,))),TFL TRAVEL CH     TFL.GOV.UK/CP,-£12.50,+£14582.87
2023-11-27,))),Bow Street Tavern London,-£17.40,+£14595.37
2023-11-27,VIS,McDonalds ******* Surbiton,-£6.43,+£14612.77
2023-11-27,VIS,SAINSBURYS S/MKTS SURBITON,-£16.25,+£14619.20
2023-11-26,BP,************************************,-£150.00,+£14635.45
2023-11-25,BP,************************************,-£1000.00,+£14785.45
2023-11-24,VIS,INT'L **********  AMAZON* ***-******LUXEMBOURG,-£199.00,+£15785.45
2023-11-24,))),TFL TRAVEL CH     TFL.GOV.UK/CP,-£12.80,+£15984.45
2023-11-24,))),SLIIM CHICKENS  BOLONDON,-£11.95,+£15997.25
2023-11-23,))),VRISTHI NEWS      THAMES DITTON,-£8.50,+£16009.20
2023-11-23,VIS,WWW.JOHNLEWIS.COM ***** *** ***,-£141.00,+£16017.70
2023-11-23,VIS,PAYPAL *TECHTRONIC***********,-£180.48,+£16158.70
2023-11-23,VIS,McDonalds ******* Surbiton,-£8.92,+£16339.18
2023-11-23,CR,************************************,+£14605.66,+£16348.10
2023-11-23,DD,OCTOPUS ENERGY    FIRST PAYMENT,-£212.52,+£1742.44
2023-11-23,CR,******************,+£280.00,+£1954.96
2023-11-22,DD,VODAFONE LTD,-£43.74,+£1674.96
2023-11-21,))),TFL TRAVEL CH     TFL.GOV.UK/CP,-£12.50,+£1718.70
2023-11-21,))),SAINSBURY'S S/MKT SURBITON,-£15.80,+£1731.20
2023-11-20,))),VRISTHI NEWS      THAMES DITTON,-£15.75,+£1747.00
2023-11-20,))),LA FONTANA        THAMES DITTON,-£5.50,+£1762.75
2023-11-17,))),SAINSBURYS S/MKTS SURBITON,-£18.64,+£1768.25
2023-11-17,))),BOOTS ****        SURBITON,-£16.74,+£1786.89
2023-11-16,))),JOHN LEWIS        WOOD STREET,-£3.40,+£1803.63
2023-11-15,))),LIDL GB CHESSINGTOCHESSINGTON,-£49.46,+£1807.03
2023-11-15,DD,INTERACTIVE INVEST,-£540.00,+£1856.49
2023-11-14,DD,INTERACTIVE INVESTFIRST PAYMENT,-£11.99,+£2396.49
2023-11-13,))),WAITROSE ***      SURBITON,-£76.11,+£2408.48
2023-11-13,))),PREMIER WINE      HAMPTON,-£8.05,+£2484.59
2023-11-13,VIS,TOOLSTATION UK    NORTHAMPTON,+£14.99,+£2492.64
2023-11-13,))),KFC               SURBITON,-£14.16,+£2477.65
2023-11-13,))),COSTA COFFEE      KINGSTON UPON,-£6.95,+£2491.81
2023-11-13,))),KINGSTON HOSPITAL KINGSTON UPON,-£6.00,+£2498.76
2023-11-13,VIS,SELECTA U.K. LIMITSOUTH RUISLIP,-£1.50,+£2504.76
2023-11-10,CR,************************************,+£1300.00,+£2506.26
2023-11-09,))),SumUp  *ThePressRoTwickenham,-£6.00,+£1206.26
2023-11-09,))),POST OFFICE COUNTESURBITON,-£2.70,+£1212.26
2023-11-08,))),JOSE PIZARRO THE SLONDON,-£6.00,+£1214.96
2023-11-08,VIS,TOOLSTATION UK    NORTHAMPTON,-£12.72,+£1220.96
2023-11-07,))),NATIONAL TRUST    DORKING,-£9.85,+£1233.68
2023-11-07,CR,******************,+£551.00,+£1243.53
2023-11-06,VIS,INT'L **********  APPLE.COM/BILL    ***********,-£6.99,+£692.53
2023-11-06,))),VRISTHI NEWS      THAMES DITTON,-£6.67,+£699.52
2023-11-06,))),TFL TRAVEL CH     TFL.GOV.UK/CP,-£11.65,+£706.19
2023-11-06,))),WAITROSE ***      SURBITON,-£8.20,+£717.84
2023-11-06,))),Duchess Belle     London,-£12.25,+£726.04
2023-11-06,))),INCEPTION-GROUP.COLONDON,-£18.30,+£738.29
2023-11-06,))),LIDL GB CHESSINGTOCHESSINGTON,-£16.22,+£756.59
2023-11-06,VIS,Amazon Prime*H**ZGamzn.co.uk/pm,-£8.99,+£772.81
2023-11-06,VIS,McDonalds ******* Surbiton,-£1.89,+£781.80
2023-11-06,VIS,McDonalds ******* Surbiton,-£11.79,+£783.69
2023-11-06,SO,************************************,-£282.00,+£795.48
2023-11-03,))),TFL TRAVEL CH     TFL.GOV.UK/CP,-£11.20,+£1077.48
2023-11-03,))),WAITROSE ***      SURBITON,-£26.00,+£1088.68
2023-11-03,))),Maisie Thai RestauThames Ditton,-£32.87,+£1114.68
2023-11-03,))),Nell Gwynne       London,-£6.40,+£1147.55
2023-11-02,))),JOSE PIZARRO THE SLONDON,-£11.50,+£1153.95
2023-11-01,CR,************************************,+£350.00,+£1165.45
2023-10-31,))),SQ *STORY COFFEE  London,-£2.80,+£815.45
2023-10-31,))),TFL TRAVEL CH     TFL.GOV.UK/CP,-£8.60,+£818.25
2023-10-31,BP,************************************,-£90.00,+£826.85
2023-10-30,VIS,AMZNMktplace      amazon.co.uk,-£15.98,+£916.85
2023-10-30,))),WAITROSE ***      ESHER,-£10.43,+£932.83
2023-10-30,))),SAINSBURYS S/MKTS SURBITON,-£12.25,+£943.26
2023-10-30,))),BP KEMPTON PARK COSUNBURY ON TH,-£2.65,+£955.51
2023-10-30,))),BUDGENS PEACHCROFTABINGDON,-£2.59,+£958.16
2023-10-30,VIS,SAINSBURYS SUPERMAHEYFORD HILL,-£59.41,+£960.75
2023-10-30,VIS,McDonalds ******* Surbiton,-£14.37,+£1020.16
2023-10-27,))),TFL TRAVEL CH     TFL.GOV.UK/CP,-£14.55,+£1034.53
2023-10-27,))),THE KINGS ARMS    LONDON  SE*,-£15.60,+£1049.08
2023-10-27,))),THE KINGS ARMS    LONDON  SE*,-£15.60,+£1064.68
2023-10-26,VIS,Wix.com **********London,-£12.46,+£1080.28
2023-10-26,VIS,Amazon.co.uk*H**NEAMAZON.CO.UK,-£3.95,+£1092.74
2023-10-26,VIS,AMZNMktplace      amazon.co.uk,-£65.58,+£1096.69
2023-10-26,VIS,TOOLSTATION UK    NORTHAMPTON,-£26.16,+£1162.27
2023-10-26,CR,************************************,+£608.11,+£1188.43
2023-10-24,DD,VODAFONE LTD,-£43.74,+£580.32
2023-10-23,))),VRISTHI NEWS      THAMES DITTON,-£13.37,+£624.06
2023-10-23,))),Bell Fetcham      Leatherhead,-£8.85,+£637.43
2023-10-23,))),KFC               SURBITON,-£14.16,+£646.28
2023-10-23,DD,OCTOPUS ENERGY,-£212.52,+£660.44
2023-10-20,VIS,Presto Music      Leamington Sp,-£10.50,+£872.96
2023-10-20,))),VRISTHI NEWS      THAMES DITTON,-£12.24,+£883.46
2023-10-19,))),SumUp  *ThePressRoTwickenham,-£6.50,+£895.70
2023-10-19,BP,************************************,-£90.00,+£902.20
2023-10-18,VIS,UBER* TRIP        LONDON,-£6.91,+£992.20
2023-10-18,))),TFL TRAVEL CH     TFL.GOV.UK/CP,-£7.00,+£999.11
2023-10-17,VIS,B & Q ****        NEW MALDEN,-£49.70,+£1006.11
2023-10-17,VIS,TOOLSTATION UK    NORTHAMPTON,-£16.46,+£1055.81
2023-10-16,))),SOUTH KENSINGTON LLONDON,-£2.80,+£1072.27
2023-10-16,))),TFL TRAVEL CH     TFL.GOV.UK/CP,-£6.20,+£1075.07
2023-10-16,))),MCDONALDS         LAMBETH,-£6.53,+£1081.27
2023-10-16,))),TFL TRAVEL CH     TFL.GOV.UK/CP,-£12.80,+£1087.80
2023-10-16,))),The Sushi Co      London,-£6.49,+£1100.60
2023-10-16,))),WAITROSE ***      SURBITON,-£27.92,+£1107.09
2023-10-16,DD,INTERACTIVE INVEST,-£540.00,+£1135.01
2023-10-13,))),Al Forno RestauranKingston upon,-£96.19,+£1675.01
2023-10-12,))),TOOLSTATION LIMITESURBITON,-£14.99,+£1771.20
2023-10-12,VIS,TOOLSTATION UK    NORTHAMPTON,-£14.99,+£1786.19
2023-10-12,DD,INTERACTIVE INVESTFIRST PAYMENT,-£11.99,+£1801.18
2023-10-11,))),SAINSBURYS S/MKTS SURBITON,-£24.30,+£1813.17
2023-10-11,))),TOPPS TILES SURBITHOOK RISE,-£6.18,+£1837.47
2023-10-11,))),The Antelope      Surbiton,-£9.30,+£1843.65
2023-10-11,))),The Antelope      Surbiton,-£9.30,+£1852.95
2023-10-11,VIS,WWW.SCREWFIX.COM  YEOVIL,-£22.47,+£1862.25
2023-10-11,VIS,TOOLSTATION UK    NORTHAMPTON,-£52.78,+£1884.72
2023-10-11,VIS,SCREWFIX DIR LTD  CHESSINGT****,+£7.49,+£1937.50
2023-10-10,))),SAINSBURYS S/MKTS SURBITON,-£18.75,+£1930.01
2023-10-10,))),YE OLDE SWAN      THAMES DITTON,-£11.60,+£1948.76
2023-10-10,VIS,TOOLSTATION UK    NORTHAMPTON,-£36.78,+£1960.36
2023-10-09,VIS,AMZNMktplace      amazon.co.uk,-£48.00,+£1997.14
2023-10-09,VIS,AMZNMktplace      amazon.co.uk,-£36.69,+£2045.14
2023-10-09,))),JOSE PIZARRO THE SLONDON,-£11.50,+£2081.83
2023-10-09,VIS,B & Q ****        NEW MALDEN,-£149.90,+£2093.33
2023-10-09,CR,******************,+£551.00,+£2243.23
2023-10-06,BP,************************************,-£25.00,+£1692.23
2023-10-06,VIS,WWW.SCREWFIX.COM  YEOVIL,-£21.99,+£1717.23
2023-10-06,VIS,Victoria Place    London,-£7.13,+£1739.22
2023-10-05,VIS,INT'L **********  APPLE.COM/BILL    CORK,-£6.99,+£1746.35
2023-10-05,))),VRISTHI NEWS      THAMES DITTON,-£3.57,+£1753.34
2023-10-05,))),VICTORIA PLACE LEOLONDON,-£2.80,+£1756.91
2023-10-05,))),TFL TRAVEL CH     TFL.GOV.UK/CP,-£2.80,+£1759.71
2023-10-05,VIS,MOUNTAIN FACTOR   ***** *** ***,-£55.00,+£1762.51
2023-10-04,))),SAINSBURYS S/MKTS SURBITON,-£15.40,+£1817.51
2023-10-04,))),Victoria          Surbiton,-£6.30,+£1832.91
2023-10-04,SO,************************************,-£282.00,+£1839.21
2023-10-03,))),TFL TRAVEL CH     TFL.GOV.UK/CP,-£12.80,+£2121.21
2023-10-03,))),SAINSBURYS S/MKTS SURBITON,-£22.05,+£2134.01
2023-10-02,))),TFL TRAVEL CH     TFL.GOV.UK/CP,-£8.60,+£2156.06
2023-10-02,VIS,Surbiton          Surbiton,-£5.61,+£2164.66
2023-10-02,))),THE FORESTERS ARMSHAMPTON WICK,-£13.00,+£2170.27
2023-10-02,))),TFL TRAVEL CH     TFL.GOV.UK/CP,-£3.80,+£2183.27
2023-10-02,VIS,T K MAXX          KINGSTON,-£54.95,+£2187.07
2023-09-30,BP,************************************,-£90.00,+£2242.02
2023-09-29,))),TFL TRAVEL CH     TFL.GOV.UK/CP,-£12.80,+£2332.02
2023-09-29,))),POST OFFICE COUNTESURBITON,-£4.19,+£2344.82
2023-09-28,))),SQ *THE CABIN     Haslemere,-£2.90,+£2349.01
2023-09-28,))),Zettle_*Beans & GrSurbiton,-£2.50,+£2351.91
2023-09-28,))),SWRAILWAYSELFSERVESWTRAINS WITL,-£3.90,+£2354.41
2023-09-28,))),SWRAILWAYSELFSERVESWTRAINS SURB,-£19.30,+£2358.31
2023-09-28,))),B & Q ****        NEW MALDEN,-£14.29,+£2377.61
2023-09-27,))),WAITROSE ***      KINGSTON,-£64.63,+£2391.90
2023-09-27,VIS,TOOLSTATION UK    NORTHAMPTON,-£21.94,+£2456.53
2023-09-27,VIS,SCREWFIX DIR LTD  CHESSINGT****,+£5.89,+£2478.47
2023-09-27,CR,************************************,+£1000.00,+£2472.58
2023-09-27,CR,************************************,+£1000.00,+£1472.58
2023-09-26,))),The Antelope      Surbiton,-£9.45,+£472.58
2023-09-25,))),WELCOME BREAK-OXFOOXFORD,-£2.95,+£482.03
2023-09-25,))),VRISTHI NEWS      THAMES DITTON,-£3.24,+£484.98
2023-09-25,))),SCREWFIX DIR LTD  CHESSINGT****,-£3.74,+£488.22
2023-09-25,))),B & Q ****        NEW MALDEN,-£6.76,+£491.96
2023-09-25,))),SumUp  *ThePressRoTwickenham,-£6.00,+£498.72
2023-09-25,VIS,WWW.SCREWFIX.COM  YEOVIL,-£13.18,+£504.72
2023-09-25,VIS,SCREWFIX DIR LTD  CHESSINGT****,+£3.74,+£517.90
2023-09-25,DD,OCTOPUS ENERGY,-£212.52,+£514.16
2023-09-22,))),BUDGENS           THAMES DITTO,-£4.74,+£726.68
2023-09-22,))),B & Q ****        NEW MALDEN,-£25.15,+£731.42
2023-09-22,VIS,WWW.SCREWFIX.COM  YEOVIL,-£45.26,+£756.57
2023-09-22,DD,VODAFONE LTD,-£43.74,+£801.83
2023-09-21,))),TFL TRAVEL CH     TFL.GOV.UK/CP,-£7.00,+£845.57
2023-09-21,))),MCDONALDS ***     SURBITON,-£6.33,+£852.57
2023-09-21,BP,************************************,-£90.00,+£858.90
2023-09-20,))),SAINSBURYS S/MKTS SURBITON,-£4.25,+£948.90
2023-09-20,VIS,WICKES BUILDING   WATFORD,-£23.40,+£953.15
2023-09-19,VIS,WWW.SCREWFIX.COM  YEOVIL,-£7.68,+£976.55
2023-09-19,VIS,BLACKWELL'S       OXFORD,-£12.99,+£984.23
2023-09-18,))),SAINSBURY'S S/MKT SURBITON,-£83.73,+£997.22
2023-09-18,))),TOOLSTATION LIMITESURBITON,-£1.98,+£1080.95
2023-09-18,VIS,TOPPS TILES SURBITHOOK RISE,-£17.00,+£1082.93
2023-09-18,VIS,TOOLSTATION UK    NORTHAMPTON,-£37.37,+£1099.93
2023-09-16,CR,************************************,+£200.00,+£1137.30
2023-09-16,CR,************************************,+£883.50,+£937.30
2023-09-15,))),VRISTHI NEWS      THAMES DITTON,-£18.72,+£53.80
2023-09-15,VIS,MAYPOLE MOTORS    SURBITON,-£189.40,+£72.52
2023-09-15,VIS,McDonalds ***     Surbiton,-£14.30,+£261.92
2023-09-15,DD,INTERACTIVE INVEST,-£540.00,+£276.22
2023-09-14,))),TFL TRAVEL CH     TFL.GOV.UK/CP,-£7.00,+£816.22
2023-09-14,DD,INTERACTIVE INVESTFIRST PAYMENT,-£11.99,+£823.22
2023-09-13,BP,************************************,-£3500.00,+£835.21
2023-09-13,BP,************************************,-£90.00,+£4335.21
2023-09-13,VIS,Presto Music      Leamington Sp,-£0.84,+£4425.21
2023-09-13,))),WAITROSE ***      SURBITON,-£47.97,+£4426.05
2023-09-12,VIS,AMZNMktplace      amazon.co.uk,-£47.99,+£4474.02
2023-09-12,))),SAINSBURYS S/MKTS SURBITON,-£13.35,+£4522.01
2023-09-12,))),The Antelope      Surbiton,-£9.45,+£4535.36
2023-09-11,))),JOSE PIZARRO THE SLONDON,-£8.50,+£4544.81
2023-09-11,))),JOSE PIZARRO THE SLONDON,-£11.50,+£4553.31
2023-09-11,))),BP-BLUE BOYS CONNETONBRIDGE KEN,-£60.61,+£4564.81
2023-09-11,))),STARBUCKS         LONDON,-£2.95,+£4625.42
2023-09-11,VIS,McDonalds ***     Bexhill On Se,-£8.23,+£4628.37
2023-09-11,VIS,ELMBRIDGE BC      ESHER,-£5.50,+£4636.60
2023-09-08,VIS,trainline         +************,-£43.69,+£4642.10
2023-09-08,))),SAINSBURYS S/MKTS SURBITON,-£5.25,+£4685.79
2023-09-08,))),SURBEANTON COFFEE KT* *JL KT*,-£2.50,+£4691.04
2023-09-07,VIS,WAITROSE ***      SURBITON,-£31.20,+£4693.54
2023-09-07,ATM,CASH NATWIDE SEP07VICTORIA ROA@11:58,-£20.00,+£4724.74
2023-09-07,CR,******************,+£551.00,+£4744.74
2023-09-06,))),TFL TRAVEL CH     TFL.GOV.UK/CP,-£14.90,+£4193.74
2023-09-06,))),MCDONALDS         LONDON  W*C,-£6.41,+£4208.64
2023-09-06,))),STARBUCKS         LONDON,-£2.75,+£4215.05
2023-09-06,))),YE OLDE SWAN      THAMES DITTON,-£9.60,+£4217.80
2023-09-06,))),BOOTS ****        MARYLEBONE,-£30.30,+£4227.40
2023-09-06,CR,************************************,+£3249.05,+£4257.70
2023-09-05,VIS,INT'L **********  APPLE.COM/BILL    ***********,-£6.99,+£1008.65
2023-09-04,))),B & Q ****        NEW MALDEN,-£25.80,+£1015.64
2023-09-04,))),JOSE PIZARRO THE SLONDON,-£11.25,+£1041.44
2023-09-04,))),TFL TRAVEL CH     TFL.GOV.UK/CP,-£5.40,+£1052.69
2023-09-04,))),SP SHAKESPEAREONLILONDON,-£21.00,+£1058.09
2023-09-04,VIS,TOOLSTATION UK    NORTHAMPTON,-£29.07,+£1079.09
2023-09-04,SO,************************************,-£282.00,+£1108.16
2023-09-01,))),WICKES HANWORTH   HANWORTH,-£10.75,+£1390.16
2023-09-01,VIS,WICKES BUILDING   WATFORD,-£46.50,+£1400.91
2023-09-01,VIS,WWW.SCREWFIX.COM  YEOVIL,-£34.99,+£1447.41
2023-08-31,))),CHARLTON LANE CRC SHEPPERTON,-£16.00,+£1482.40
2023-08-30,VIS,TOOLSTATION UK    NORTHAMPTON,-£57.67,+£1498.40
2023-08-29,))),WELCOME BREAK-BIRCBISHOPS STORT,-£2.95,+£1556.07
2023-08-29,))),WELCOME BREAK KFC BISHOPS STORT,-£8.99,+£1559.02
2023-08-29,VIS,WWW.GOV.UK/PAY-DARHAVANT,-£2.50,+£1568.01
2023-08-29,))),THURROCK BC PARKINGRAYS,-£2.50,+£1570.51
2023-08-29,))),TG MOLESIDE       SURREY,-£30.00,+£1573.01
2023-08-29,))),Namaste Village CaCambridge,-£65.00,+£1603.01
2023-08-29,))),MCDONALDS         WESTERHAM,-£6.31,+£1668.01
2023-08-29,))),WM MORRISONS STOREGRAYS,-£4.40,+£1674.32
2023-08-29,))),WM MORRISONS STOREGRAYS,-£0.27,+£1678.72
2023-08-29,VIS,WWW.GOV.UK/PAY-DARHAVANT,-£2.50,+£1678.99
2023-08-29,))),WELCOME BREAK-GRETGRETNA GREEN,-£2.95,+£1681.49
2023-08-29,))),ASDA  STORES **** ARDROSSAN,-£1.90,+£1684.44
2023-08-29,))),THE WHEATSHEAF INNCARLISLE,-£38.30,+£1686.34
2023-08-29,VIS,TESCO PAY AT PUMP CARLISLE *,-£46.14,+£1724.64
2023-08-25,))),Little Rock Cafe  Isle of Arran,-£33.75,+£1770.78
2023-08-25,))),The Drift Inn     Isle of Arran,-£10.40,+£1804.53
2023-08-24,))),CO-OP GROUP ******BRODICK,-£12.25,+£1814.93
2023-08-24,))),CECCHINI LTD      ARDROSSAN,-£5.60,+£1827.18
2023-08-24,))),THE PROM CAFE     LARNE,-£6.40,+£1832.78
2023-08-23,DD,VODAFONE LTD,-£43.74,+£1839.18
2023-08-23,DD,OCTOPUS ENERGY,-£212.52,+£1882.92
2023-08-22,))),SP BUSHMILLS      BUSHMILLS,-£12.45,+£2095.44
2023-08-22,))),SP BUSHMILLS      BUSHMILLS,-£10.00,+£2107.89
2023-08-22,VIS,HUNTERS GUEST HOUSBRODICK,-£192.00,+£2117.89
2023-08-22,CR,************************************,+£500.00,+£2309.89
2023-08-22,CR,************************************,+£550.00,+£1809.89
2023-08-21,))),SAINSBURYS PETROL COLERAINE,-£44.93,+£1259.89
2023-08-21,))),CROWN LIQUOR SALOOBELFAST,-£13.25,+£1304.82
2023-08-21,))),SumUp  *MED MEX   Belfast,-£6.50,+£1318.07
2023-08-21,))),TITANIC BELFAST   BELFAST,-£4.00,+£1324.57
2023-08-21,VIS,McDonalds ***     Lurgan,-£15.92,+£1328.57
2023-08-21,VIS,Encore Tickets    London,-£180.90,+£1344.49
2023-08-21,VIS,SUMUP  *LITTLE CAEBELFAST,-£148.00,+£1525.39
2023-08-21,BP,************************************,-£75.00,+£1673.39
2023-08-21,BP,************************************,-£58.00,+£1748.39
2023-08-19,CR,************************************,+£90.45,+£1806.39
2023-08-18,))),P&O FERRIES       CAUSEWAY,-£5.35,+£1715.94
2023-08-18,CR,******************,+£240.00,+£1721.29
2023-08-16,BP,************************************,-£200.00,+£1481.29
2023-08-16,))),The Crown Hotel   Newton Stewar,-£49.88,+£1681.29
2023-08-15,))),TESCO STORES **** AMBLESIDE,-£3.55,+£1731.17
2023-08-15,))),MOUNTAIN FACTOR   AMBLESIDE,-£48.50,+£1734.72
2023-08-15,VIS,GAYNOR SPORTS LTD AMBLESIDE,-£179.98,+£1783.22
2023-08-15,DD,INTERACTIVE INVEST,-£540.00,+£1963.20
2023-08-14,))),TESCO STORES **** AMBLESIDE,-£17.95,+£2503.20
2023-08-14,))),SHELL RAWTENST ***RAWTENSTALL,-£59.04,+£2521.15
2023-08-14,DD,INTERACTIVE INVESTFIRST PAYMENT,-£9.99,+£2580.19
2023-08-11,BP,************************************,-£330.00,+£2590.18
2023-08-11,))),TFL TRAVEL CH     TFL.GOV.UK/CP,-£12.80,+£2920.18
2023-08-11,))),YE OLDE SWAN      THAMES DITTON,-£18.99,+£2932.98
2023-08-10,CR,******************,+£350.00,+£2951.97
2023-08-09,))),SAINSBURYS S/MKTS SURBITON,-£6.90,+£2601.97
2023-08-09,))),TFL TRAVEL CH     TFL.GOV.UK/CP,-£8.60,+£2608.87
2023-08-09,))),SumUp  *ThePressRoTwickenham,-£2.40,+£2617.47
2023-08-09,BP,************************************,-£90.00,+£2619.87
2023-08-08,))),WHOLE FOODS MARKETRICHMOND,-£16.82,+£2709.87
2023-08-08,))),WATERSTONES       RICHMOND SURR,-£13.99,+£2726.69
2023-08-08,VIS,TOOLSTATION UK    NORTHAMPTON,-£15.52,+£2740.68
2023-08-08,VIS,McDonalds ***     Feltham,-£6.63,+£2756.20
2023-08-08,CR,************************************,+£100.00,+£2762.83
2023-08-07,VIS,INT'L **********  APPLE.COM/BILL    ***********,-£6.99,+£2662.83
2023-08-07,))),WELCOME BREAK-OXFOOXFORD,-£3.65,+£2669.82
2023-08-07,))),YO Sushi          LeamingtonSpa,-£13.70,+£2673.47
2023-08-07,VIS,MFG PALACE        EAST MOLESEY,-£39.70,+£2687.17
2023-08-07,))),JOSE PIZARRO THE SLONDON,-£41.63,+£2726.87
2023-08-07,BP,************************************,-£100.00,+£2768.50
2023-08-07,CR,******************,+£551.00,+£2868.50
2023-08-07,CR,************************************,+£100.00,+£2317.50
2023-08-04,))),TFL TRAVEL CH     TFL.GOV.UK/CP,-£14.60,+£2217.50
2023-08-04,))),WAITROSE ***      SURBITON,-£52.84,+£2232.10
2023-08-04,))),KENSINGTON CHIMES LONDON,-£13.99,+£2284.94
2023-08-04,))),ZETTLE_*BEANS   GRSURBITON,-£2.50,+£2298.93
2023-08-04,))),SUMUP  *MP PECKHAMHOUNSLOW,-£16.00,+£2301.43
2023-08-04,VIS,www.toolstoreuk.coWigan,-£139.38,+£2317.43
2023-08-04,VIS,TOOLSTATION UK    NORTHAMPTON,-£167.85,+£2456.81
2023-08-04,SO,************************************,-£282.00,+£2624.66
2023-08-03,))),VRISTHI NEWS      THAMES DITTON,-£12.98,+£2906.66
2023-08-03,))),B & Q ****        NEW MALDEN,-£3.18,+£2919.64
2023-08-03,VIS,WWW.SCREWFIX.COM  YEOVIL,-£14.64,+£2922.82
2023-08-03,VIS,TOOLSTATION UK    NORTHAMPTON,-£9.47,+£2937.46
2023-08-03,VIS,TOOLSTATION UK    NORTHAMPTON,-£38.23,+£2946.93
2023-08-03,TFR,************************************,+£2076.80,+£2985.16
2023-08-02,))),B & Q ****        NEW MALDEN,-£25.46,+£908.36
2023-08-02,))),B & Q ****        NEW MALDEN,-£88.27,+£933.82
2023-08-02,VIS,WICKES BUILDING   WATFORD,-£156.50,+£1022.09
2023-08-02,VIS,B&Q MARKETPLACE   EASTLEIGH,-£110.00,+£1178.59
2023-08-02,VIS,WWW.SCREWFIX.COM  YEOVIL,-£12.28,+£1288.59
2023-08-01,))),SPAR NORTON CANES CANNOCK,-£3.50,+£1300.87
2023-08-01,DD,HSBC CREDIT CARD,-£32.05,+£1304.37
2023-07-31,))),WELCOME BREAK-NEWPNEWPORT PAGNE,-£2.95,+£1336.42
2023-07-31,))),WELCOME B/KFC     NEWPORT PAGNE,-£10.29,+£1339.37
2023-07-31,))),Vines Kitchen     Wimborne,-£8.00,+£1349.66
2023-07-31,VIS,SAINSBURYS SUPERMALEICESTER,-£43.55,+£1357.66
2023-07-31,))),TESCO STORES **** MINEHEAD,-£7.60,+£1401.21
2023-07-31,VIS,TESCO PAY AT PUMP MINEHEAD,-£55.18,+£1408.81
2023-07-28,))),SAINSBURYS S/MKTS ALPHINGTON,-£12.89,+£1463.99
2023-07-27,))),ZETTLE_*LAURA LANELISKEARD,-£26.00,+£1476.88
2023-07-26,))),MFG PALACE        EAST MOLESEY,-£47.34,+£1502.88
2023-07-25,))),SAINSBURY'S S/MKT SURBITON,-£81.17,+£1550.22
2023-07-24,))),TFL TRAVEL CH     TFL.GOV.UK/CP,-£11.20,+£1631.39
2023-07-24,))),TESCO STORES **** NEW MALDEN,-£18.54,+£1642.59
2023-07-24,))),Zettle_*LEVER & BLLondon,-£10.70,+£1661.13
2023-07-24,))),MCDONALDS         LONDON  WC*H,-£8.52,+£1671.83
2023-07-24,))),TFL TRAVEL CH     TFL.GOV.UK/CP,-£14.55,+£1680.35
2023-07-24,))),WAITROSE ***      EDENBRIDGE,-£15.95,+£1694.90
2023-07-24,DD,VODAFONE LTD,-£43.74,+£1710.85
2023-07-24,DD,OCTOPUS ENERGY,-£212.52,+£1754.59
2023-07-21,))),SQ *FIKA WOOLFOX  Woolfox,-£2.70,+£1967.11
2023-07-21,VIS,GREAT PONTON FUEL GREAT PONTON,-£49.57,+£1969.81
2023-07-21,BP,************************************,-£10000.00,+£2019.38
2023-07-20,))),ALDI STORES       GRANTHAM,-£7.45,+£12019.38
2023-07-20,))),BURGER KING GRANTHGRANTHAM,-£5.82,+£12026.83
2023-07-19,))),WELCOME BREAK-NEWPNEWPORT PAGNE,-£2.95,+£12032.65
2023-07-19,))),WELCOME B/WAITROSENEWPORT PAGNE,-£9.82,+£12035.60
2023-07-19,))),MEGANS AT THE POWELONDON SW**,-£23.07,+£12045.42
2023-07-18,CR,************************************,+£250.00,+£12068.49
2023-07-18,))),VRISTHI NEWS      THAMES DITTON,-£4.99,+£11818.49
2023-07-18,))),TFL TRAVEL CH     TFL.GOV.UK/CP,-£8.60,+£11823.48
2023-07-18,CR,************************************,+£7000.00,+£11832.08
2023-07-17,))),VRISTHI NEWS      THAMES DITTON,-£5.67,+£4832.08
2023-07-17,))),YE OLDE SWAN      THAMES DITTON,-£12.10,+£4837.75
2023-07-17,VIS,Presto Music      Leamington Sp,-£12.60,+£4849.85
2023-07-17,))),READING N/E BK    READING  BERK,-£2.99,+£4862.45
2023-07-17,))),READING           BERKSHIRE,-£2.20,+£4865.44
2023-07-17,))),Gloucester ServiceGloucester,-£2.60,+£4867.64
2023-07-17,DD,INTERACTIVE INVEST,-£540.00,+£4870.24
2023-07-17,DD,INTERACTIVE INVESTFIRST PAYMENT,-£9.99,+£5410.24
2023-07-14,BP,************************************,-£90.00,+£5420.23
2023-07-14,))),TESCO STORES **** CIRENCESTER *,-£35.45,+£5510.23
2023-07-13,))),TFL TRAVEL CH     TFL.GOV.UK/CP,-£7.00,+£5545.68
2023-07-13,VIS,WAITROSE ***      SURBITON,-£67.54,+£5552.68
2023-07-12,))),Barbour Partner StLondon,-£75.00,+£5620.22
2023-07-12,))),WHOLE FOODS MARKETLONDON,-£8.34,+£5695.22
2023-07-12,))),TFL TRAVEL CH     TFL.GOV.UK/CP,-£14.20,+£5703.56
2023-07-12,))),WATERLOO STARBUCKSLONDON,-£2.90,+£5717.76
2023-07-12,))),ROYALOPERAHSE     LONDON,-£5.50,+£5720.66
2023-07-12,))),ROYALOPERAHSE     LONDON,-£1.20,+£5726.16
2023-07-12,))),WATERSTONES       PICCADILLY,-£18.58,+£5727.36
2023-07-12,))),The Antelope      Surbiton,-£43.85,+£5745.94
2023-07-12,))),The Antelope      Surbiton,-£10.75,+£5789.79
2023-07-12,))),Nell Gwynne       London,-£6.25,+£5800.54
2023-07-12,CR,************************************,+£1299.25,+£5806.79
2023-07-11,))),TFL TRAVEL CH     TFL.GOV.UK/CP,-£12.80,+£4507.54
2023-07-11,))),TESCO STORES      HAMPSTEAD,-£7.61,+£4520.34
2023-07-11,))),Flask             London,-£26.45,+£4527.95
2023-07-11,))),Flask             London,-£6.55,+£4554.40
2023-07-11,))),THE SWAN          ESHER KT**,-£11.25,+£4560.95
2023-07-10,))),PREMIER WINE      HAMPTON,-£7.90,+£4572.20
2023-07-10,VIS,Amazon.co.uk*LO**XAMAZON.CO.UK,-£109.95,+£4580.10
2023-07-10,VIS,NEXT RETAIL LTD   KINGSTON ON T,-£133.00,+£4690.05
2023-07-10,CR,************************************,+£100.00,+£4823.05
2023-07-07,CR,******************,+£551.00,+£4723.05
2023-07-06,VIS,INT'L **********  APPLE.COM/BILL    ***********,-£6.99,+£4172.05
2023-07-06,))),SQ *GROUNDS AND GRLondon,-£2.50,+£4179.04
2023-07-06,))),TFL TRAVEL CH     TFL.GOV.UK/CP,-£14.90,+£4181.54
2023-07-06,))),SAINSBURYS S/MKTS LEWISHAM HONO,-£6.65,+£4196.44
2023-07-06,))),ITSU *** THE STRANLONDON WC*N,-£9.29,+£4203.09
2023-07-05,CR,************************************,+£500.00,+£4212.38
2023-07-04,BP,************************************,-£65.00,+£3712.38
2023-07-04,))),WAITROSE ***      SURBITON,-£60.26,+£3777.38
2023-07-04,SO,************************************,-£282.00,+£3837.64
2023-07-04,CR,******************,+£320.00,+£4119.64
2023-07-03,))),Christy's         Thames Ditton,-£14.70,+£3799.64
2023-07-03,VIS,SAINSBURYS SUPERMAHEYFORD HILL,-£37.54,+£3814.34
2023-07-03,))),SAINSBURYS S/MKTS SURBITON,-£9.51,+£3851.88
2023-07-03,))),WELCOME BREAK-OXFOOXFORD,-£2.95,+£3861.39
2023-07-03,VIS,McDonalds ****    Buckinghamshi,-£6.83,+£3864.34
2023-07-03,DD,HSBC CREDIT CARD,-£0.77,+£3871.17
2023-06-30,))),MFG EYNSHAM       WITNEY,-£68.46,+£3871.94
2023-06-29,))),BEACONSFIELD LEON-BUCKINGHAMSHI,-£7.99,+£3940.40
2023-06-29,))),MARKS & SPENCER SABEACONSFIELD,-£2.20,+£3948.39
2023-06-29,VIS,Victoria Place    London,-£8.13,+£3950.59
2023-06-28,VIS,trainline         +************,-£13.60,+£3958.72
2023-06-28,))),VRISTHI NEWS      THAMES DITTON,-£3.44,+£3972.32
2023-06-28,))),TFL TRAVEL CH     TFL.GOV.UK/CP,-£7.70,+£3975.76
2023-06-28,))),SAINSBURYS S/MKTS SURBITON,-£3.05,+£3983.46
2023-06-26,VIS,Amazon MP*        amazon.co.uk,-£0.98,+£3986.51
2023-06-26,VIS,Amazon MP*        amazon.co.uk,-£0.98,+£3987.49
2023-06-26,VIS,Amazon MP*        amazon.co.uk,-£0.98,+£3988.47
2023-06-26,))),SAINSBURYS S/MKTS SURBITON,-£2.95,+£3989.45
2023-06-26,))),COSTA COFFEE *****GATWICK,-£2.55,+£3992.40
2023-06-26,VIS,McDonalds ***     Chelmsford,-£6.62,+£3994.95
2023-06-26,))),SHELL BIRCHWD  ***DEDHAM,-£25.01,+£4001.57
2023-06-26,))),SAINSBURYS S/MKTS SURBITON,-£14.93,+£4026.58
2023-06-26,VIS,DART-CHARGE       LEEDS,-£2.50,+£4041.51
2023-06-26,VIS,DART-CHARGE       LEEDS,-£2.50,+£4044.01
2023-06-26,VIS,TWO MAGPIES BAKERYSAXMUNDHAM,-£98.70,+£4046.51
2023-06-23,))),VRISTHI NEWS      THAMES DITTON,-£6.78,+£4145.21
2023-06-23,))),PREMIER WINE      HAMPTON,-£12.75,+£4151.99
2023-06-23,DD,OCTOPUS ENERGY,-£212.52,+£4164.74
2023-06-22,))),VRISTHI NEWS      THAMES DITTON,-£5.94,+£4377.26
2023-06-22,CR,************************************,+£1804.00,+£4383.20
2023-06-22,DD,VODAFONE LTD,-£43.74,+£2579.20
2023-06-21,BP,************************************,-£11000.00,+£2622.94
2023-06-20,))),THE SWAN          ESHER KT**,-£8.25,+£13622.94
2023-06-19,VIS,INT'L **********  APPLE.COM/BILL    CORK,-£7.99,+£13631.19
2023-06-19,))),VRISTHI NEWS      THAMES DITTON,-£14.91,+£13639.18
2023-06-19,CR,************************************,+£3643.30,+£13654.09
2023-06-19,BP,************************************,-£1000.00,+£10010.79
2023-06-16,))),SQ *LYTHE HILL HOTHaslemere,-£6.18,+£11010.79
2023-06-15,VIS,INT'L **********  APPLE.COM/BILL    ***********,-£10.49,+£11016.97
2023-06-15,))),TFL TRAVEL CH     TFL.GOV.UK/CP,-£8.60,+£11027.46
2023-06-15,))),THE ANTELOPE      SURBITON,-£10.95,+£11036.06
2023-06-15,))),STARBUCKS         LONDON,-£2.65,+£11047.01
2023-06-15,))),TESCO-STORES-**** PIMLICO,-£1.97,+£11049.66
2023-06-15,))),Frida's Pimlico   London,-£4.90,+£11051.63
2023-06-15,DD,INTERACTIVE INVEST,-£540.00,+£11056.53
2023-06-14,))),TFL TRAVEL CH     TFL.GOV.UK/CP,-£10.20,+£11596.53
2023-06-14,))),CAFFE FORESTA     LONDON  SW*V,-£2.70,+£11606.73
2023-06-14,))),PRET A MANGER     LONDON,-£2.90,+£11609.43
2023-06-14,))),Riverside         London,-£11.55,+£11612.33
2023-06-14,))),TESCO-STORES-**** PIMLICO,-£0.27,+£11623.88
2023-06-14,DD,INTERACTIVE INVESTFIRST PAYMENT,-£9.99,+£11624.15
2023-06-13,VIS,UBER   *TRIP      HELP.UBER.COM,-£8.97,+£11634.14
2023-06-13,))),TFL TRAVEL CH     TFL.GOV.UK/CP,-£8.60,+£11643.11
2023-06-13,))),SAINSBURYS S/MKTS SURBITON,-£56.96,+£11651.71
2023-06-13,))),SHELL LONG DITTON THAMES DITTON,-£58.04,+£11708.67
2023-06-13,VIS,McDonalds ****    Buckinghamshi,-£6.11,+£11766.71
2023-06-12,BP,************************************,-£120.00,+£11772.82
2023-06-12,))),VRISTHI NEWS      THAMES DITTON,-£12.51,+£11892.82
2023-06-12,))),CO-OPERATIVE FOOD WITNEY,-£3.90,+£11905.33
2023-06-09,))),WAITROSE ***      SURBITON,-£21.07,+£11909.23
2023-06-09,))),YE OLDE SWAN      THAMES DITTON,-£9.60,+£11930.30
2023-06-09,))),YE OLDE SWAN      THAMES DITTON,-£9.60,+£11939.90
2023-06-09,CR,************************************,+£135.00,+£11949.50
2023-06-09,CR,******************,+£350.00,+£11814.50
2023-06-08,ATM,CASH NATWIDE JUN08VICTORIA ROA@15:47,-£30.00,+£11464.50
2023-06-08,CR,************************************,+£3325.24,+£11494.50
2023-06-07,))),VRISTHI NEWS      THAMES DITTON,-£9.18,+£8169.26
2023-06-07,CR,******************,+£551.00,+£8178.44
2023-06-07,CR,******************,+£12.71,+£7627.44
2023-06-05,VIS,INT'L **********  APPLE.COM/BILL    ***********,-£19.99,+£7614.73
2023-06-05,VIS,INT'L **********  APPLE.COM/BILL    APPLE.COM/BIL,-£6.99,+£7634.72
2023-06-05,))),VRISTHI NEWS      THAMES DITTON,-£11.99,+£7641.71
2023-06-05,VIS,GO OUTDOORS       BR ****KING,-£31.00,+£7653.70
2023-06-05,))),BURGER KING (KIOSKHANTS,-£2.99,+£7684.70
2023-06-05,SO,************************************,-£282.00,+£7687.69
2023-06-01,VIS,The New Inn       Salisbury,-£12.50,+£7969.69
2023-05-31,))),FINN MCCOOLS      TEIGNMOUTH TQ,-£25.10,+£7982.19
2023-05-31,))),Ye olde jolly sailTeignmouth,-£10.20,+£8007.29
2023-05-31,))),Ye olde jolly sailTeignmouth,-£12.40,+£8017.49
2023-05-31,))),Ye olde jolly sailTeignmouth,-£6.50,+£8029.89
2023-05-31,))),*XSELL LIMITED    DAWLISH EX*,-£27.00,+£8036.39
2023-05-31,))),The Cove Cafe     Dawlish,-£6.80,+£8063.39
2023-05-30,))),EAST DART INN     YELVERTON,-£9.00,+£8070.19
2023-05-30,))),TESCO-STORES **** EXETER,-£20.25,+£8079.19
2023-05-30,))),THE THATCHED HOUSEEXETER EX*,-£10.70,+£8099.44
2023-05-30,))),THE SUPERMARKET/MAEXETER,-£12.95,+£8110.14
2023-05-30,))),SHELL LONG DITTON THAMES DITTON,-£3.70,+£8123.09
2023-05-30,))),SHELL LONG DITTON THAMES DITTON,-£58.19,+£8126.79
2023-05-30,VIS,McDonalds ****    WINCANTON,-£13.22,+£8184.98
2023-05-30,VIS,PREMIER INN       TAUNTON EAST,-£88.40,+£8198.20
2023-05-30,VIS,McDonalds *       Westminster,-£8.23,+£8286.60
2023-05-26,))),VRISTHI NEWS      THAMES DITTON,-£4.00,+£8294.83
2023-05-26,))),TFL TRAVEL CH     TFL.GOV.UK/CP,-£14.90,+£8298.83
2023-05-26,))),ROYALOPERAHSE     LONDON,-£1.20,+£8313.73
2023-05-26,))),BOOTS ****        LAMBETH,-£2.00,+£8314.93
2023-05-26,))),The Exchange      London,-£2.70,+£8316.93
2023-05-26,BP,************************************,-£90.00,+£8319.63
2023-05-26,CR,******************,+£700.00,+£8409.63
2023-05-25,))),TFL TRAVEL CH     TFL.GOV.UK/CP,-£14.90,+£7709.63
2023-05-25,))),M&S SIMPLY FOOD - BOND STREET,-£1.20,+£7724.53
2023-05-25,))),WAITROSE ***      SURBITON,-£9.10,+£7725.73
2023-05-24,))),VRISTHI NEWS      THAMES DITTON,-£12.24,+£7734.83
2023-05-24,DD,VODAFONE LTD,-£43.74,+£7747.07
2023-05-23,VIS,AMZNMktplace      amazon.co.uk,-£15.99,+£7790.81
2023-05-23,))),TFL TRAVEL CH     TFL.GOV.UK/CP,-£14.40,+£7806.80
2023-05-23,))),MOON AND SIXPENCE HATCH END  PI,-£2.47,+£7821.20
2023-05-23,))),SAINSBURYS S/MKTS SURBITON,-£36.85,+£7823.67
2023-05-23,))),HARROW COUNCIL ON HARROW,-£0.60,+£7860.52
2023-05-23,))),LEON Hanover SquarLONDON,-£9.58,+£7861.12
2023-05-23,VIS,ESURE MOTOR       REIGATE,-£44.95,+£7870.70
2023-05-23,VIS,POST OFFICE COUNTEPINNER,-£35.00,+£7915.65
2023-05-23,DD,OCTOPUS ENERGY,-£212.52,+£7950.65
2023-05-22,CR,************************************,+£3000.00,+£8163.17
2023-05-22,))),INT'L **********  PYD*BrewDog WaterlLondon,-£42.05,+£5163.17
2023-05-22,))),VRISTHI NEWS      THAMES DITTON,-£4.74,+£5205.22
2023-05-22,))),SQ *CABLE CO.     London,-£5.40,+£5209.96
2023-05-22,))),TFL TRAVEL CH     TFL.GOV.UK/CP,-£7.00,+£5215.36
2023-05-22,))),SAINSBURYS S/MKTS LONDON,-£10.90,+£5222.36
2023-05-22,))),TFL TRAVEL CH     TFL.GOV.UK/CP,-£9.60,+£5233.26
2023-05-22,))),Caf? del Marsh    London,-£8.00,+£5242.86
2023-05-22,VIS,McDonalds ***     Surbiton,-£5.71,+£5250.86
2023-05-22,BP,************************************,-£4888.00,+£5256.57
2023-05-20,CR,************************************,+£6000.00,+£10144.57
2023-05-19,))),SAINSBURYS S/MKTS SURBITON,-£6.00,+£4144.57
2023-05-18,))),TFL TRAVEL CH     TFL.GOV.UK/CP,-£3.50,+£4150.57
2023-05-18,))),DULWICH AND SYDENHLONDON,-£2.00,+£4154.07
2023-05-18,))),SAINSBURYS S/MKTS SURBITON,-£4.85,+£4156.07
2023-05-17,VIS,INT'L **********  APPLE.COM/BILL    ***********,-£7.99,+£4160.92
2023-05-17,))),Maisie Thai RestauThames Ditton,-£35.15,+£4168.91
2023-05-17,CR,************************************,+£100.00,+£4204.06
2023-05-16,VIS,INT'L **********  APPLE.COM/BILL    CORK,-£10.49,+£4104.06
2023-05-16,CR,************************************,+£2562.50,+£4114.55
2023-05-16,CR,************************************,+£150.00,+£1552.05
2023-05-16,CR,************************************,+£200.00,+£1402.05
2023-05-16,))),UTTOXETER SERVICE UTTOXETER,-£3.00,+£1202.05
2023-05-15,))),VRISTHI NEWS      THAMES DITTON,-£3.08,+£1205.05
2023-05-15,))),MCDONALDS         NORTHAMPTON,-£8.23,+£1208.13
2023-05-15,))),ALDI ** ***       BUXTON,-£3.84,+£1216.36
2023-05-15,))),BUXTON BREWERY TAPBUXTON,-£16.95,+£1220.20
2023-05-15,))),SHELL NEWBOROUGH RBURTON ON TRE,-£1.89,+£1237.15
2023-05-15,))),M* TOLL           TOLL CHARGE,-£5.80,+£1239.04
2023-05-15,))),MFG PALACE        EAST MOLESEY,-£35.07,+£1244.84
2023-05-15,))),SIMPLY THAI       BUXTON,-£40.00,+£1279.91
2023-05-15,BP,************************************,-£65.00,+£1319.91
2023-05-15,CR,************************************,+£1000.00,+£1384.91
2023-05-15,DD,INTERACTIVE INVEST,-£540.00,+£384.91
2023-05-12,BP,************************************,-£10.00,+£924.91
2023-05-12,))),TFL TRAVEL CH     TFL.GOV.UK/CP,-£14.90,+£934.91
2023-05-12,))),THE ANTELOPE      SURBITON,-£10.75,+£949.81
2023-05-12,))),THE ANTELOPE      SURBITON,-£7.00,+£960.56
2023-05-12,))),WAITROSE ***      SURBITON,-£9.30,+£967.56
2023-05-12,))),WASABI *** HIGH HOLONDON,-£10.45,+£976.86
2023-05-12,))),TESCO STORES **** LONDON,-£4.60,+£987.31
2023-05-12,VIS,SQ *ALLPRESS ESPRELondon,-£3.00,+£991.91
2023-05-12,DD,INTERACTIVE INVEST,-£540.00,+£994.91
2023-05-12,DD,INTERACTIVE INVESTFIRST PAYMENT,-£9.99,+£1534.91
2023-05-11,))),VRISTHI NEWS      THAMES DITTON,-£8.88,+£1544.90
2023-05-10,))),THE SWAN          ESHER KT**,-£8.25,+£1553.78
2023-05-10,VIS,DART-CHARGE       LEEDS,-£37.50,+£1562.03
2023-05-09,))),WELCOME BREAK-BEACBEACONSFIELD,-£2.95,+£1599.53
2023-05-09,))),KFC BEACONSFIELD  BEACONSFIELD,-£10.29,+£1602.48
2023-05-09,))),CHELTENHAM BOROUGHCHELTENHAM,-£6.50,+£1612.77
2023-05-09,))),WELCOME BREAK-BEACBEACONSFIELD,-£2.95,+£1619.27
2023-05-09,))),MFG PALACE        EAST MOLESEY,-£53.35,+£1622.22
2023-05-09,VIS,IRONMONGERYDIRECT BASILDON,-£43.32,+£1675.57
2023-05-09,VIS,McDonalds ***     Surbiton,-£6.23,+£1718.89
2023-05-09,CR,******************,+£551.00,+£1725.12
2023-05-05,BP,************************************,-£5280.00,+£1174.12
2023-05-05,))),VRISTHI NEWS      THAMES DITTON,-£7.94,+£6454.12
2023-05-05,CR,************************************,+£5000.00,+£6462.06
2023-05-05,CR,******************,+£875.00,+£1462.06
2023-05-04,))),TFL TRAVEL CH     TFL.GOV.UK/CP,-£8.60,+£587.06
2023-05-04,))),WAITROSE ***      SURBITON,-£10.50,+£595.66
2023-05-04,SO,************************************,-£282.00,+£606.16
2023-05-03,BP,************************************,-£90.00,+£888.16
2023-05-03,))),THE FORESTERS ARMSHAMPTON WICK,-£10.50,+£978.16
2023-05-03,VIS,BALFES BIKES      KINGSTON UPON,+£42.50,+£988.66
2023-05-02,))),THOMAS BECKET     CANTERBURY,-£13.85,+£946.16
2023-05-02,))),SAINSBURYS S/MKTS CANTERBURY,-£18.15,+£960.01
2023-05-02,VIS,McDonalds **      London,-£8.13,+£978.16
2023-05-02,))),VRISTHI NEWS      THAMES DITTON,-£6.94,+£986.29
2023-05-02,DD,DVLA-HV**LZP,-£14.43,+£993.23
2023-04-28,))),TFL TRAVEL CH     TFL.GOV.UK/CP,-£14.00,+£1007.66
2023-04-28,))),THE ANTELOPE      SURBITON,-£9.45,+£1021.66
2023-04-27,VIS,WAITROSE ***      SURBITON,-£60.69,+£1031.11
2023-04-26,))),VRISTHI NEWS      THAMES DITTON,-£7.50,+£1091.80
2023-04-25,))),WAITROSE ***      ESHER,-£26.43,+£1099.30
2023-04-24,))),SHELL ORWELL      IPSWICH,-£50.10,+£1125.73
2023-04-24,))),CONCERT HALL CAF  SAXMUNDHAM IP,-£3.30,+£1175.83
2023-04-24,))),EOE COOP FOOD     SAXMUNDHAM RD,-£18.69,+£1179.13
2023-04-24,VIS,DART-CHARGE       LEEDS,-£5.00,+£1197.82
2023-04-24,))),THE GOLDEN KEY INNSAXMUNDHAM IP,-£35.00,+£1202.82
2023-04-24,DD,VODAFONE LTD,-£65.03,+£1237.82
2023-04-24,DD,OCTOPUS ENERGY,-£212.52,+£1302.85
2023-04-21,))),VRISTHI NEWS      THAMES DITTON,-£10.49,+£1515.37
2023-04-21,))),TFL TRAVEL CH     TFL.GOV.UK/CP,-£6.00,+£1525.86
2023-04-21,))),WAITROSE ***      SURBITON,-£13.20,+£1531.86
2023-04-21,))),STARBUCKS COFFEE CWIMBLEDON STA,-£2.90,+£1545.06
2023-04-20,VIS,INT'L **********  VMO*VIMEO.COM     ***-***-****,-£20.24,+£1547.96
2023-04-20,))),SPORTSDIRECT ***  ***********,-£52.99,+£1568.20
2023-04-20,))),SAINSBURYS S/MKT  KINGSTON UPON,-£36.54,+£1621.19
2023-04-20,))),PRET A MANGER     ***,-£7.25,+£1657.73
2023-04-20,VIS,Ultimate Outdoors Bury,-£20.95,+£1664.98
2023-04-20,VIS,McDonalds ****    Westminster,-£6.73,+£1685.93
2023-04-19,))),WAITROSE ***      SURBITON,-£7.55,+£1692.66
2023-04-19,))),WAITROSE ***      SURBITON,-£11.50,+£1700.21
2023-04-17,VIS,INT'L **********  APPLE.COM/BILL    ***********,-£7.99,+£1711.71
2023-04-17,VIS,INT'L **********  APPLE.COM/BILL    ***********,-£10.49,+£1719.70
2023-04-17,VIS,VRISTHI NEWS      THAMES DITTON,-£4.00,+£1730.19
2023-04-17,))),PLOUGH            CAMBRIDGE,-£46.00,+£1734.19
2023-04-17,))),STGCOACH/CTYLINK  BUS TICKET,-£2.00,+£1780.19
2023-04-17,))),Butch Annie's     Cambridge,-£20.00,+£1782.19
2023-04-17,VIS,JUSTPARK          LONDON,-£2.20,+£1802.19
2023-04-17,DD,INTERACTIVE INVEST,-£540.00,+£1804.39
2023-04-14,))),THE GARDENIA      CAMBRIDGE CB*,-£1.60,+£2344.39
2023-04-14,))),THE GARDENIA      CAMBRIDGE CB*,-£14.10,+£2345.99
2023-04-14,))),TESCO PFS ****    MILTON,-£53.72,+£2360.09
2023-04-14,))),BOOTS NEWMARKET   NEWMARKET,-£23.49,+£2413.81
2023-04-14,DD,VIRGIN MEDIA PYMTS,-£54.49,+£2437.30
2023-04-14,DD,INTERACTIVE INVESTFIRST PAYMENT,-£9.99,+£2491.79
2023-04-14,CR,******************,+£1409.53,+£2501.78
2023-04-13,))),BLUE BALL INN     CAMBRIDGE CB*,-£9.00,+£1092.25
2023-04-13,))),NATIONAL TRUST    CAMBRIDGE,-£9.40,+£1101.25
2023-04-12,))),INDISH            CAMBRIDGE,-£51.80,+£1110.65
2023-04-12,VIS,London - North cirLondon,-£14.62,+£1162.45
2023-04-12,DD,INTERACTIVE INVEST,-£540.00,+£1177.07
2023-04-11,VIS,INT'L **********  APPLE.COM/BILL    APPLE.COM/BIL,-£29.99,+£1717.07
2023-04-11,))),JEEVAN STORES     BOTTISHAM,-£39.10,+£1747.06
2023-04-11,))),BEACONSFIELD LEON-BUCKINGHAMSHI,-£3.00,+£1786.16
2023-04-11,))),WAITROSE ***      SURBITON,-£35.48,+£1789.16
2023-04-11,CR,******************,+£551.00,+£1824.64
2023-04-06,OBP,************************************,-£2500.00,+£1273.64
2023-04-06,))),VRISTHI NEWS      THAMES DITTON,-£4.20,+£3773.64
2023-04-06,VIS,CO-OP GROUP FOOD  ******,-£18.60,+£3777.84
2023-04-06,CR,************************************,+£1300.00,+£3796.44
2023-04-04,))),INT'L **********  PYD*BrewDog WaterlLondon,-£13.45,+£2496.44
2023-04-04,))),TFL TRAVEL CH     TFL.GOV.UK/CP,-£14.50,+£2509.89
2023-04-04,))),The Bridge TheatreLondon,-£22.20,+£2524.39
2023-04-04,SO,************************************,-£282.00,+£2546.59
2023-04-03,))),VRISTHI NEWS      THAMES DITTON,-£18.74,+£2828.59
2023-04-03,))),WELCOME B/WHS     WARWICK,-£5.55,+£2847.33
2023-04-03,))),Beans & Blends    Abingdon,-£14.00,+£2852.88
2023-04-03,VIS,WWW.SWINLEYBIKEHUBBRACKNELL,-£135.00,+£2866.88
2023-04-03,))),SHELL RAWTENST ***RAWTENSTALL,-£49.55,+£3001.88
2023-04-03,))),M* TOLL           TOLL CHARGE,-£8.20,+£3051.43
2023-04-03,))),KEELE KFC         KEELE,-£5.99,+£3059.63
2023-04-03,))),MDN WEL/CB/WAITROSKEELE,-£2.40,+£3065.62
2023-04-03,DD,DVLA-HV**LZP,-£14.43,+£3068.02
2023-04-03,CR,******************,+£485.00,+£3082.45
2023-03-31,VIS,McDonalds ****    Kings Cross,-£7.13,+£2597.45
2023-03-30,))),TFL TRAVEL CH     TFL.GOV.UK/CP,-£6.20,+£2604.58
2023-03-30,))),SAINSBURYS S/MKTS SURBITON,-£39.53,+£2610.78
2023-03-30,))),COSTA COFFEE *****DURHAM,-£4.35,+£2650.31
2023-03-30,VIS,DART-CHARGE       LEEDS,-£2.50,+£2654.66
2023-03-30,VIS,CURRYS ONLINE     HEMEL HEMPSTE,-£57.98,+£2657.16
2023-03-29,))),BISHOPS' MILL     DURHAM,-£9.18,+£2715.14
2023-03-29,))),SAINSBURYS S/MKTS DURHAM-NORTH,-£4.01,+£2724.32
2023-03-29,))),STARBUCKS         DURHAM,-£2.30,+£2728.33
2023-03-29,))),STARBUCKS         DURHAM,-£2.35,+£2730.63
2023-03-29,))),Ajiwai            Durham,-£18.00,+£2732.98
2023-03-29,))),THE SHAKESPEARE TADURHAM,-£10.20,+£2750.98
2023-03-28,))),LEBANEAT          DURHAM DH*,-£27.00,+£2761.18
2023-03-28,))),SELECTA U.K. LIMITSOUTH RUISLIP,-£2.30,+£2788.18
2023-03-28,))),NUDO SUSHI BOX DURDURHAM,-£9.29,+£2790.48
2023-03-28,))),STARBUCKS         DURHAM,-£2.30,+£2799.77
2023-03-28,))),STARBUCKS -*******YORK RAILWAY,-£5.00,+£2802.07
2023-03-27,))),KFC YORK          YORK,-£7.99,+£2807.07
2023-03-27,))),BAR HASHERY       YORK,-£2.50,+£2815.06
2023-03-27,))),TREMBLING MADNESS YORK,-£10.70,+£2817.56
2023-03-27,))),SOTANO LIMITED    YORK,-£7.45,+£2828.26
2023-03-27,))),Zaap Thai Street FYork,-£29.28,+£2835.71
2023-03-27,))),ONE STOP ****     YORK,-£8.74,+£2864.99
2023-03-27,))),SPRING ESPRESSO LTYORK,-£2.80,+£2873.73
2023-03-27,))),THE YORK ROAST CO YORK,-£6.75,+£2876.53
2023-03-27,))),TFL TRAVEL CH     TFL.GOV.UK/CP,-£6.20,+£2883.28
2023-03-27,))),THE ANTELOPE      SURBITON,-£10.00,+£2889.48
2023-03-27,))),HMSHost Kings CrosLondon,-£2.80,+£2899.48
2023-03-27,VIS,SOTANO LIMITED    YORK,-£4.20,+£2902.28
2023-03-27,VIS,TRAINLINE         LONDON,-£48.59,+£2906.48

Arranged overdraft limit,2024-04-26,+£0.00
